3038 5452
367 726 433 787 42³0
747 734 853 785 ursui
875 733 1037 785 ABBATUM

217 929 336 988 Thomas,

245 997 306 1047 SClh

228 1064 322 1122 Abbot,
366 1093 373 1116 r

241 1129 309 1179 AD.

214 1198 341 1248 1849-96.

402 928 421 949 “
441 923 485 976 ΒΘ
504 922 784 977 Commemoratione
803 923 902 977 Sancti
915 920 1076 976 Benedicti.
1114 918 1284 991 oopuutum
1296 920 1427 977 Saturi.

400 1011 418 1033 ·‘
440 1007 483 1060 De
501 1006 660 1061 Missurum
680 1007 893 1071 Celebratione,
914 1011 944 1060 et
961 1005 1070 1061 Divino
1089 1004 1192 1062 Officio
1210 1006 1242 1059 in
1273 1005 1429 1067 noctibus,

378 1093 385 1116 ‘
405 1097 435 1146 ct
452 1089 552 1146 Officio
570 1091 764 1146 Mortuerum.
804 1090 973 1162 Capitulum
992 1089 1160 1161 Saeuum.

402 1179 420 1201 “
441 1175 485 1229 Ile
495 1176 739 1231 Pronunoiatione
751 1181 898 1230 certarum
911 1174 1081 1229 dictionum.
1099 1172 1268 1243 Capitulum
1278 1171 1430 1228 Oetaeum.

403 1263 421 1284 “
442 1259 486 1313 De
500 1259 759 1314 'Hebdomuduriis
778 1259 878 1313 Misere
896 1258 1028 1329 Majoris.
1066 1257 1231 1328 Capitulum
1247 1256 1382 1312 Numam.

403 1346 422 1368 “
441 1341 486 1396 De
503 1342 642 1398 Novitiis.
679 1343 846 1414 Capitulum
856 1341 1014 1396 Decimum.

402 1430 421 1452 ·‘
441 1425 485 1478 De
504 1425 645 1480 Custodia
663 1427 802 1488 claustri,
830 1432 859 1480 et
886 1425 1023 1497 Capitnlo
1046 1424 1201 1480 cotidiano.
1253 1425 1429 1497 Capitulum

367 1513 385 1535 ‘⁶
409 1508 600 1564 Undecimum.

402 1592 485 1647 “De
505 1592 636 1648 Silentia
674 1594 841 1665 Capitulum
857 1592 1071 1648 Duodecimum.

403 1680 421 1702 “
441 1675 485 1731 De
504 1677 751 1735 Confessionibus.
772 1685 802 1732 et
820 1676 1007 1748 gravioribus
1025 1677 1129 1748 culpis.
1169 1677 1343 1749 Capitulium
1364 1678 1431 1733 Ter·

367 1765 385 1787 ‘⁶
407 1762 479 1814 tium
498 1760 643 1815 &cunum

403 1843 573 1913 “Qualiter
602 1844 755 1900 Fratribus
788 1846 954 1900 necessaria
983 1845 1196 1900 ministrentur.
1253 1846 1429 1918 Capitulum

367 1931 386 1955 ‘⁴
407 1928 549 1994 Quintium
568 1927 714 1983 decimum.

403 2015 421 2038 “
441 2012 493 2067 De‘
505 2013 708 2082 Eleemosyna,
730 2020 758 2067 ot
777 2031 848 2068 cura
875 2014 1052 2084 Pauperum.
1092 2013 1262 2085 Capitulum
1282 2013 1428 2080 Quintum

367 2099 385 2121 “
406 2095 552 2149 decimum.

403 2174 700 2243 “²De1nfirmaria,
722 2185 752 2234 a
769 2179 898 2234 infirmis
918 2181 1081 2235 Fratribus.
1121 2180 1292 2252 caparam
1310 2182 1431 2236 acatia
1502 2163 1507 2174 '

367 2266 385 2288 ‘⁶
406 2262 553 2316 decimum.

403 2350 420 2372 ‘⁴
440 2344 502 2399 ²De
530 2346 600 2405 Eleu.
621 2353 652 2401 et
669 2345 855 2402 Abstinentiu
885 2348 1026 2402 ciborum.
1064 2348 1232 2418 Capitulum
1258 2348 1425 2419 Septimum

367 2432 385 2454 “
406 2429 552 2483 decimum.

403 2515 421 2538 “
441 2512 485 2566 De
504 2512 738 2568 obedientiariis.
773 2513 938 2585 Capitulum
959 2513 1095 2568 Octavum
1113 2514 1261 2568 decimum.

403 2599 421 2621 ‘⁴
440 2595 485 2649 ΒΘ
505 2596 659 2650 Communi
680 2597 795 2666 sigillo,
816 2604 846 2651 et
863 2598 1016 2654 Prioribus
1036 2597 1197 2652 Celtarum.
1254 2598 1428 2670 Capitulum

368 2683 386 2706 “
407 2679 521 2735 Nouum
545 2681 690 2735 decimum.

106 3020 111 3031 '
200 3011 241 3063 On
252 3013 295 3063 the
306 3014 354 3064 due

199 3079 319 3144 perform·

199 3161 262 3196 unce
270 3146 301 3196 of
309 3147 354 3196 Di·
369 3178 375 3200 s

200 3213 259 3263 vine
272 3212 329 3263 Ser·
368 3262 386 3284 n

201 3279 261 3330 viee.

476 2851 525 2915 De
549 2849 680 2915 Diviao
703 2849 1111 2936 Seruitia-Capitulum
1131 2850 1306 2916 Primum.

405 3005 514 3060 “Cum
543 3005 686 3060 Divinum
705 3005 850 3070 Officium,
874 3013 1049 3061 nocturnum
1075 3007 1187 3078 puriter
1213 3013 1245 3061 et
1269 3006 1425 3070 diurnum,

368 3093 386 3116 “
403 3090 489 3161 juxta
507 3090 671 3144 sanctiones
688 3090 851 3154 canonicas,
870 3108 888 3144 a
903 3091 977 3144 viris
996 3090 1205 3145 ecclesiasticis
1222 3089 1359 3145 studiose
1376 3109 1427 3164 pa·

380 3177 387 3200 ‘
407 3175 480 3230 riter
499 3182 530 3229 et
548 3174 650 3228 devote
670 3175 709 3228 sit
726 3173 943 3237 celebrandum,
957 3192 1019 3238 nos,
1034 3174 1216 3229 attendentes
1235 3175 1425 3231 devotionem

407 3260 613 3313 exuberantem
636 3276 700 3328 quar
722 3258 752 3311 in
766 3257 915 3327 religiosis
934 3260 1037 3328 vigere
1059 3259 1188 3322 deberet,
1210 3260 1373 3314 statuimus
1395 3269 1427 3314 et

369 3346 386 3367 “
407 3343 575 3398 ordinamus
588 3352 621 3396 ut
642 3342 789 3412 adipsum
801 3341 942 3396 Divinum
953 3342 1087 3397 Officium
1099 3343 1318 3403 celebrandum.
1342 3344 1425 3398 horis

369 3428 387 3450 “
408 3425 514 3481 debitis
535 3434 565 3480 et
577 3427 732 3490 consuetis,
753 3443 853 3479 omnes
876 3433 1038 3491 occurrant,
1062 3427 1249 3498 principium,
1276 3426 1423 3492 medium,

369 3511 388 3533 “
408 3516 495 3580 atque
514 3510 609 3573 finem,
625 3517 819 3580 expectantes,
833 3510 891 3564 nisi
909 3510 1014 3581 majori
1032 3510 1169 3573 utilitate,
1191 3516 1220 3565 et
1232 3528 1267 3564 ex
1281 3509 1425 3580 Superio-

370 3596 388 3619 “
408 3595 449 3648 ris
469 3594 685 3664 approbatione,
707 3594 772 3665 quis
792 3595 883 3649 fuerit
900 3594 1097 3665 praepeditus;
1116 3596 1273 3665 ipsumque
1292 3595 1425 3650 officinm

370 3681 388 3702 ‘⁶
408 3695 480 3747 pure
500 3683 530 3731 et
548 3684 675 3741 strenue,
697 3685 838 3748 quantum
865 3678 946 3733 Deus
973 3680 1016 3733 eis
1039 3678 1162 3741 dederit,
1185 3678 1326 3733 studeant
1346 3679 1426 3733 cele·

371 3765 389 3787 ‘⁶
409 3760 505 3824 brem,
534 3779 591 3815 non
616 3760 820 3833 ³synoopando
845 3764 893 3816 vel
912 3762 1146 3825 transcurrendo,
1176 3762 1229 3816 sed
1255 3768 1319 3816 tum
1345 3763 1426 3817 inter

372 3849 390 3871 “
412 3844 599 3915 Kyrieleison
618 3844 655 3898 ad
673 3845 771 3900 Horas
796 3845 966 3911 Canonioas,
993 3865 1081 3918 quam
1100 3847 1188 3901 etiam
1206 3846 1237 3899 in
1257 3853 1355 3900 metro
1373 3864 1426 3901 cu·

371 3933 390 3956 “
407 3929 575 4000 jusounque
601 3929 778 3983 ‚Psalmodiro
802 3931 833 3984 in
855 3931 1008 3986 Conventa
1033 3931 1182 3994 faciende,
1208 3930 1260 3983 fiat
1285 3932 1426 4000 pausatio

370 4018 389 4040 ‘⁴
409 4032 533 4077 morosa,
554 4014 665 4084 pariter
684 4020 714 4066 et
732 4013 845 4078 devota,
865 4021 945 4069 tento
967 4023 1097 4085 tempore
1122 4015 1159 4068 ad
1182 4015 1292 4078 minue,
1314 4020 1426 4084 quanto

370 4101 388 4124 ‘⁶
408 4099 526 4153 tractim
545 4104 575 4152 et
587 4097 725 4153 distincte
738 4098 797 4152 diei
814 4097 967 4169 posset-⁴
979 4104 985 4125 ‘
999 4100 1063 4153 Ave
1081 4098 1185 4162 Maria,
1206 4098 1306 4169 gratia
1323 4098 1423 4169 plene,

370 4186 388 4208 ‘⁶
411 4183 575 4236 ‘Dominus
595 4181 713 4235 tecum.’
751 4181 787 4234 In
806 4182 866 4236 illis
884 4200 954 4237 vero
972 4182 1108 4237 versibus
1122 4183 1173 4253 qui
1192 4182 1294 4252 plures
1313 4182 1412 4236 haben

370 4271 389 4292 “
409 4274 544 4337 punctus,
565 4266 616 4320 fiat
634 4266 730 4336 primu
748 4267 920 4335 punctuatio
945 4267 1104 4321 seeundum
1128 4273 1240 4329 tonum,
1261 4283 1330 4320 cum
1351 4283 1425 4338 puu-

401 4429 558 4435 “Q—--u-ix
576 4431 596 4434 Η
667 4429 719 4434 -.-
735 4428 791 4434 ιω..
803 4429 811 4434 .
824 4429 885 4434 η...-
899 4430 925 4435 -..
947 4430 992 4436 .,,,.
1009 4428 1274 4435 .-......-——---0-

404 4541 411 4572 ¹
423 4539 617 4590 Eidomaderiia
629 4539 653 4589 in
665 4539 722 4590 MS.
916 4541 1004 4603 placed
1014 4541 1041 4589 in
1052 4541 1117 4591 their
1128 4553 1218 4602 proper
1229 4553 1364 4602 sequence.

400 4623 505 4674 2’ΠιΘΘΘ
525 4632 575 4673 two
595 4623 660 4673 titlee
673 4623 737 4672 have
754 4622 869 4686 changed
949 4618 1119 4685 ³sr'aropoudo
1130 4619 1156 4667 in
1168 4617 1225 4667 MS.
1287 4672 1290 4676 ¹

370 4707 453 4770 places
476 4705 502 4753 in
525 4704 568 4754 the
591 4703 657 4764 MS„
682 4704 727 4752 but
749 4719 791 4752 are
813 4704 874 4752 here
943 4698 1046 4748 *Lake
1058 4698 1075 4749 i.
1087 4703 1127 4748 28.
