3038 5452
321 689 386 753 118
699 701 806 750 ausrs
828 699 989 751 sanarum

153 885 312 948 3101111111,
324 891 342 917 “
363 888 550 945 ‘Willelmus
575 891 603 943 lo
627 889 738 960 Longe,
767 890 902 961 Rogerus
929 888 1082 952 Parleben,
1103 887 1257 943 Walterus
1281 886 1320 942 de
1341 887 1374 941 la

188 955 276 1071 ἐξὲξ
324 974 343 998 “
366 973 530 1038 ’Β1616116,
543 974 709 1030 Willelmus
728 974 765 1028 de
785 973 998 1044 Sydelesmere‚
1020 972 1169 1026 Johannes
1181 972 1217 1026 de
1230 972 1372 1042 Twenge,

199 1036 284 1138 ΑΒ]
326 1059 344 1082 “
366 1057 533 1113 ‘Johannes
552 1058 587 1113 de
606 1059 758 1129 Bangeye,
778 1058 885 1114 Petrus
903 1057 973 1113 Atta
993 1056 1077 1123 Geta,
1097 1056 1240 1112 Nicolaus
1259 1055 1373 1127 Dreye,

172 1159 299 1204 131135,
325 1142 344 1166 “
367 1140 481 1196 ‘Adam
500 1143 528 1196 16
550 1142 674 1213 Coupcr,
694 1142 861 1197 Willelmus
886 1141 979 1206 Olive,
998 1141 1171 1212 Radulphus
1189 1139 1217 1194 le
1243 1140 1372 1205 Tanner‚

198 1251 266 1265 —
328 1224 346 1250 ‘¹
367 1226 533 1282 ‘Robertus
551 1228 621 1282 Atta
639 1227 737 1291 Halle,
751 1225 893 1282 Ricardus
907 1225 943 1280 de
955 1224 1121 1290 Bidewelle,
1137 1223 1375 1279 Bartholomaeus

326 1311 344 1335 ‘⁶
367 1310 415 1365 ‘lo
441 1312 562 1376 Bakere‚
586 1311 752 1367 Willelmus
778 1310 814 1365 de
842 1310 1010 1375 Redbmne,
1040 1308 1188 1364 lohannes
1215 1307 1371 1378 Stertbup,

298 1392 301 1398 ’
324 1394 342 1417 “
365 1393 551 1449 ‘Willelmus
569 1395 648 1450 filius
670 1395 811 1451 Johaunis
829 1395 858 1449 16
883 1393 1028 1457 Marchal,
1050 1398 1080 1448 at
1105 1393 1203 1447 Adam
1225 1392 1373 1456 Pomfret,

324 1479 343 1501 ‘⁴
364 1479 372 1502 ⁴
386 1477 511 1535 salutem
522 1479 554 1534 in
566 1479 698 1534 Domine.
736 1478 885 1536 Noveritis
899 1477 978 1549 quod
996 1495 1063 1532 cum
1075 1492 1177 1547 nuper,
1192 1475 1375 1547 quibusdam

325 1563 343 1586 “
365 1562 372 1586 ‘
386 1562 614 1617 dissensionibus
627 1563 704 1617 inter
715 1564 870 1633 religiosos
883 1563 972 1625 viros,
984 1561 1131 1616 Abbatem
1143 1564 1173 1615 et
1186 1560 1375 1616 Conventum

324 1646 342 1669 ‘¹
365 1644 421 1700 ‘de
441 1647 546 1702 Sancto
563 1647 686 1712 Albano,
701 1656 730 1703 et
742 1648 872 1702 homines
891 1646 970 1702 villa
989 1644 1025 1699 de
1046 1642 1154 1699 Sancto
1166 1642 1282 1699 Albano
1301 1643 1373 1699 sub·

325 1732 343 1755 “
364 1732 466 1797 ‘ortis
486 1732 619 1804 praedicti
637 1732 735 1788 Abbas
754 1739 785 1788 61
803 1731 968 1787 Conventus
987 1747 1040 1800 per
1059 1728 1205 1800 quoddam
1225 1729 1374 1801 scriptum

324 1815 343 1839 “
365 1818 480 1881 ‘suum‚
501 1816 648 1872 communi
666 1816 765 1887 sigillo
784 1835 836 1871 suo
849 1815 1006 1885 signatum,
1026 1813 1158 1868 diversas
1174 1810 1329 1867 libertates
1342 1819 1375 1867 et

324 1900 342 1924 ‘¹
364 1898 564 1969 ‘quietancias
592 1900 722 1971 praefatis
758 1899 932 1962 hominibus,
961 1896 1068 1968 quibus
1097 1894 1155 1967 ipsi
1180 1902 1276 1962 antea,
1317 1916 1372 1951 seu

324 1984 342 2010 “
361 1987 482 2039 ‘eorum
501 2002 694 2049 successores,
713 1985 760 2039 usi
779 1985 978 2046 maluerant,
1006 1987 1089 2036 metu
1112 1980 1193 2035 ducti
1217 1997 1372 2036 concesse·

324 2069 342 2093 ‘⁴
364 2071 462 2134 ‘nmt
483 2086 547 2138 ego,
567 2070 707 2140 praefatus
727 2067 877 2122 Gilbertus
903 2074 934 2122 et
957 2066 1067 2130 caeteri,
1089 2071 1248 2137 spontanea
1264 2065 1372 2120 volun·

324 2151 342 2177 “
365 2153 445 2206 ‘tato
463 2157 570 2215 nostra,
584 2169 637 2222 pro
655 2151 738 2208 nobis
758 2157 788 2206 et
805 2151 973 2206 heredibus
992 2149 1111 2214 nostris,
1126 2149 1262 2204 omnibus
1280 2148 1374 2203 liber-

323 2235 342 2259 “
364 2234 494 2290 ‘tatibus
513 2245 543 2290 et
561 2236 734 2306 quietanciis
754 2236 928 2307 ¹praedictis,
949 2235 980 2290 in
998 2235 1076 2290 dicto
1095 2233 1207 2304 scripto
1234 2233 1373 2304 ipsorum

324 2318 342 2342 ‘¹
362 2317 506 2374 ‘Abbatis
531 2325 561 2374 et
579 2318 746 2374 Conventus
766 2319 919 2384 contentis,
940 2324 970 2373 at
987 2335 1089 2373 earum
1107 2317 1237 2380 cuilibet,
1256 2334 1374 2372 necnon

324 2404 342 2427 “
365 2402 464 2455 ‘omni
478 2401 541 2473 juri
560 2409 590 2458 et
607 2400 786 2470 ²commod0,
807 2421 872 2475 queo
895 2403 979 2458 nobis
1004 2407 1181 2472 competunt,
1201 2406 1251 2455 aut
1268 2400 1374 2471 aliquo

324 2488 342 2512 “
365 2486 472 2542 ‘modo
498 2491 662 2558 competere
686 2492 832 2559 poterunt,
851 2504 905 2559 per
929 2486 1080 2541 libertates
1106 2503 1160 2540 seu
1177 2483 1372 2555 quietancias,

324 2569 343 2594 “
364 2571 437 2624 ‘aut
454 2569 513 2625 alia
530 2589 711 2642 quaecunque
729 2571 760 2625 in
778 2571 857 2626 dicto
875 2571 984 2641 scripto
1003 2575 1147 2635 contenta,
1161 2568 1374 2624 renunciamus

324 2652 343 2677 “
365 2655 372 2679 ¹
385 2654 482 2723 palam
495 2661 525 2709 et
536 2673 682 2725 expresse.
721 2655 913 2712 Advertentes
926 2656 1015 2710 etiam
1028 2655 1154 2726 qualiter
1165 2670 1265 2708 omnes
1277 2652 1374 2724 311116-

324 2736 342 2761 “
364 2736 552 2795 ‘decessores
571 2738 673 2803 nostri,
693 2743 788 2794 terras
812 2758 866 2794 seu
888 2745 1055 2794 tenementa
1078 2739 1109 2793 in
1132 2737 1273 2807 praedicta
1296 2738 1375 2792 villa

322 2820 342 2845 ⁴¹
363 2822 526 2886 ‘tenentes
547 2820 712 2877 omnimoda
729 2821 816 2878 blada
840 2828 870 2878 61
887 2822 991 2877 brasea
1009 2840 1062 2878 sua
1079 2821 1199 2886 molere,
1219 2826 1250 2876 et
1267 2837 1373 2876 omnes

322 2905 340 2929 ‘¹
362 2907 492 2976 ‘pannos
512 2924 579 2962 suos
597 2905 689 2962 ⁴viles
709 2904 825 2972 fullare,
845 2906 883 2961 ad
901 2907 1068 2962 molendina
1092 2907 1224 2978 ipsorum
1241 2905 1372 2961 Abbatis

321 2991 340 3016 “
361 2994 411 3046 ‘et
429 2990 595 3047 Conventus
614 2990 645 3045 in
662 2990 734 3046 villa
751 2990 900 3063 praedicta,
926 3009 1039 3047 necnon
1055 2992 1250 3055 theoloneum,
1271 2990 1373 3044 stalla

322 3075 340 3099 “
362 3075 474 3145 ‘gium,
495 3081 525 3131 61
543 3074 615 3132 alias
634 3081 782 3130 custumes
800 3075 837 3129 de
855 3076 943 3131 rebus
963 3076 1025 3132 auis
1042 3075 1195 3132 venalibus
1213 3075 1291 3128 infra
1304 3093 1372 3129 ean-

322 3158 340 3183 “
361 3158 448 3212 ‘dom
466 3160 576 3224 villam,
597 3166 747 3230 praestare,
762 3167 984 3225 consueverunt,
1006 3179 1023 3214 a
1040 3166 1171 3230 tempore
1190 3157 1275 3229 cnjus
1301 3175 1370 3213 con-

322 3244 340 3267 “
360 3243 465 3297 ‘trarii
482 3245 624 3301 memoria
640 3263 698 3299 non
717 3245 825 3310 existit,
839 3251 869 3300 ct
886 3264 939 3299 nos
957 3244 1094 3300 similiter
1106 3243 1259 3316 praemissa
1270 3242 1371 3297 facere

321 3329 339 3352 ‘⁶
360 3331 595 3393 ‘consuevimus
615 3330 751 3385 volumus
770 3336 800 3385 et
818 3330 1013 3393 concedimus,
1033 3348 1086 3399 pro
1110 3329 1193 3383 nobis
1220 3333 1250 3382 61
1274 3327 1370 3380 1111116-
1429 3384 1438 3403 ¹

321 3411 340 3435 “
361 3411 468 3466 ‘dibus
486 3413 604 3478 nostris,
625 3414 824 3469 consentiente
843 3413 879 3468 ad
898 3415 952 3469 hoc
972 3414 1101 3469 Consilio
1119 3411 1237 3467 Domini
1263 3410 1369 3481 Regis,

321 3494 340 3518 “
362 3495 480 3549 ‘omnia
505 3495 591 3552 blada
618 3504 648 3552 et
674 3495 771 3553 brasia
795 3504 895 3553 nostra
922 3498 1043 3563 molere,
1070 3504 1100 3551 et
1130 3514 1230 3551 omncs
1256 3513 1369 3565 pannos

319 3579 338 3603 “
360 3580 366 3600 ¹
380 3586 493 3635 nostros
512 3581 586 3635 viles
605 3581 719 3646 fallare,
740 3582 778 3637 ad
795 3582 960 3637 molendina
972 3584 1102 3652 ipsorum
1113 3579 1237 3635 Abbatis
1250 3586 1279 3635 et
1292 3579 1369 3634 Con·

320 3662 339 3687 “
361 3664 485 3717 ‘vontus
503 3663 535 3718 in
551 3663 624 3720 villa
641 3665 796 3735 praedicta;
817 3673 847 3722 et
865 3666 976 3722 eisdem
987 3665 1096 3721 Abbati
1108 3671 1138 3720 ct
1150 3663 1322 3729 Conventui,
1337 3670 1370 3718 et

320 3747 338 3771 “
361 3746 597 3802 ‘successoribus
617 3748 687 3814 suis,
708 3756 768 3803 tam
786 3749 817 3804 in
834 3749 929 3806 bladis
948 3758 977 3805 et
995 3750 1106 3804 brascis
1118 3747 1286 3819 hujusmodi
1306 3764 1369 3800 mo·

320 3833 338 3856 ‘⁴
359 3829 484 3894 ‘lendis
499 3836 529 3886 ct
546 3833 649 3902 pannis
668 3828 776 3890 vilibus
795 3834 944 3901 fullandis,
965 3853 1052 3905 quam
1071 3833 1102 3888 in
1120 3832 1275 3896 theolonio,
1297 3831 1369 3885 stal-

319 3916 338 3941 “
359 3913 468 3984 ‘lagia
495 3921 525 3970 ct
551 3914 617 3970 aliis
644 3917 784 3973 custumis
812 3920 1043 3990 quibuscunque,
1063 3917 1173 3971 eisdem
1202 3915 1312 3969 Abbati
1338 3921 1370 3969 et

318 4003 337 4026 ‘⁴
359 3999 543 4056 ‘Conventui
566 4000 603 4054 ab
627 4002 747 4073 antiquo
770 4001 887 4069 debitis,
907 4004 1090 4058 intendentes
1109 4017 1194 4065 esse,
1222 4000 1263 4053 ita
1287 3998 1368 4068 quod

318 4086 337 4110 “
359 4087 433 4138 ‘nec
450 4101 512 4150 nos,
532 4102 585 4138 nec
607 4085 737 4141 haeredes
761 4088 853 4143 nostri
872 4087 1013 4158 praedicti,
1027 4085 1119 4141 molas
1138 4083 1288 4138 manuales
1312 4099 1367 4151 pro

317 4169 337 4195 “
359 4168 466 4224 ‘blado
486 4186 537 4223 seu
555 4168 653 4225 brasio
671 4170 823 4236 molendis,
845 4177 895 4226 aut
913 4178 1050 4227 truncum
1067 4188 1121 4241 pro
1139 4168 1242 4240 pannis
1255 4167 1368 4222 vilibus

318 4254 337 4279 “
358 4252 529 4319 ‘fullandia
550 4252 627 4308 infra
645 4253 746 4309 villam
764 4254 934 4326 predictam
953 4255 989 4309 de
1007 4259 1122 4316 catere,
1143 4270 1195 4306 seu
1213 4250 1365 4306 libertates

893 4539 1062 4585 'nemeaea
1072 4535 1100 4583 in
1111 4531 1177 4594 MS„
1193 4533 1364 4599 enuneously.

893 4616 904 4648 ⁴
916 4614 982 4664 miles
992 4615 1019 4664 in
1030 4615 1085 4667 MS.
