3038 5452
687 706 792 756 ansul
814 707 978 759 sananim

325 1003 504 1069 Processere
525 1025 628 1090 super
655 1005 762 1071 Bulla
792 1006 839 1070 cd
870 1005 1052 1072 manwen
1071 1003 1261 1092 panicium
1280 1023 1374 1092 pem·

463 1106 644 1194 scriptum
666 1130 689 1172 c
711 1107 864 1175 Domitio
888 1106 1012 1195 ¹Popo
1034 1107 1215 1175 destinato.

162 1257 233 1308 John
246 1258 306 1321 ΙΙΙ.,
363 1255 381 1279 “
401 1253 576 1311 Boneiacius
604 1255 776 1328 Episcopus,
805 1275 908 1312 servus
936 1274 1088 1312 servorum
1115 1252 1181 1318 Dei,
1208 1246 1373 1309 venerabili

188 1325 285 1453 ἓξὲξ
327 1339 345 1362 “
365 1336 459 1402 fratri,
480 1337 626 1410 Episcopo
637 1339 851 1439 wyntoniensi
872 1346 902 1438 et
920 1340 1027 1396 dilecto
1045 1338 1115 1438 filio,
1135 1335 1281 1408 Magistro
1297 1336 1373 1392 Bar·

199 1457 266 1508 M).
327 1423 346 1447 “
365 1421 521 1478 tholomaeo
540 1423 576 1479 de
594 1423 761 1489 Ferentino,
783 1425 930 1480 Ganomco
948 1424 1175 1488 Londourarum,
1198 1421 1374 1479 salutemet

156 1508 345 1577 luto-1³01.“
363 1505 563 1578 Apostolioam
580 1508 821 1564 benedictionem.
859 1509 1001 1564 Gerentes
1020 1509 1056 1563 de
1073 1514 1180 1564 vestrm
1197 1502 1373 1578 multiplicis

199 1620 267 1631 —
290 1658 296 1679 ,
325 1596 343 1620 ‘⁴
363 1595 518 1666 probitatis
544 1596 698 1662 industria,
725 1604 755 1653 et
772 1597 902 1669 probatae
926 1597 995 1651 fidei
1019 1597 1157 1669 puritate,
1183 1594 1323 1651 fiduciam
1339 1594 1373 1649 iu

154 1658 309 1775 'ffl‘telr'ffl
324 1680 342 1704 “
362 1679 487 1735 Domino
503 1680 669 1752 specialem,
683 1687 783 1737 nostra
801 1685 830 1736 et
847 1682 987 1736 Ecclesiae
1000 1681 1138 1736 Romanae
1155 1681 1276 1752 negotia
1286 1678 1373 1735 vobis

155 1760 296 1855 ffllingfor
325 1766 464 1818 “secure
491 1765 702 1820 committimus
728 1764 907 1837 exequenda,
935 1764 1019 1820 firma
1042 1765 1216 1821 credulitate
1237 1767 1372 1819 tenentes

153 1865 269 1920 pepment
283 1857 312 1907 of
324 1849 342 1873 ‘⁶
363 1848 440 1918 quod
458 1847 536 1904 circa
554 1848 753 1905 executionem
765 1866 866 1904 eorum
885 1864 1006 1920 operose
1020 1848 1226 1903 sollicitudinis
1239 1846 1372 1903 studium

154 1938 295 1988 ¹¹¹⁰¹¹05⁸⁸⁰
323 1933 342 1957 “
362 1937 392 1986 et
409 1933 555 1989 efficacem
579 1933 740 1989 sollertiam
763 1932 949 2004 impendetis.
1000 1932 1076 1987 (lum
1097 1932 1191 2003 igitur
1208 1935 1305 1986 totum
1322 1944 1371 1984 re·

154 1991 279 2041 ⁶⁰¹¹⁹⁰ffi
323 2017 341 2040 “
361 2015 479 2070 siduum
497 2016 628 2081 decimae,
649 2036 737 2088 quam
756 2017 851 2073 felicis
870 2016 1080 2072 recordationis
1094 2015 1256 2086 Gregorius
1277 2013 1370 2085 Papa,

322 2101 340 2125 “
361 2099 511 2164 Decimus,
530 2100 729 2171 predecessor
741 2106 851 2166 noster,
865 2101 897 2155 in
908 2117 1001 2171 reguo
1012 2099 1131 2170 Angliae
1143 2099 1241 2152 Terrae
1255 2097 1372 2153 Sanctae

322 2186 340 2208 “
361 2183 491 2238 subsidio
509 2183 670 2255 deputavit,
684 2190 852 2257 promptum
866 2190 895 2240 et
912 2190 1047 2256 paratum
1064 2182 1172 2238 habere
1184 2182 1372 2237 intendamus

323 2268 341 2291 ‘⁴
361 2266 486 2332 omnino,
507 2271 537 2321 et
555 2285 706 2338 speremus
725 2267 845 2323 indubie
864 2267 941 2339 quod
959 2265 1129 2339 hujusmodi
1146 2265 1299 2336 negotium
1316 2280 1372 2337 per

323 2351 342 2375 “
361 2355 490 2404 vestram
516 2351 760 2422 circumspectam
785 2349 972 2423 prudentiam
998 2354 1028 2406 et
1055 2348 1285 2405 sollicitudinem
1302 2345 1371 2403 dili·

324 2436 343 2460 “
362 2440 479 2504 gentem
498 2433 535 2489 ad
553 2436 698 2501 effectum,
719 2437 835 2491 favente
859 2435 994 2501 Domino,
1018 2435 1154 2490 celeriter
1179 2433 1369 2506 perducetur,

325 2520 343 2543 ‘⁴
363 2516 445 2573 vobis
468 2519 596 2590 petendi,
626 2520 797 2592 recipiendi,
817 2526 848 2575 et
871 2519 1072 2590 recolligendi,
1096 2536 1220 2590 pervus
1238 2518 1287 2572 vel
1304 2532 1371 2573 ves·

324 2604 343 2627 “
362 2608 441 2657 trum
461 2604 633 2674 quemlibet,
653 2604 806 2660 residuum
825 2605 1036 2675 supradictum,
1061 2609 1161 2660 nestro
1179 2609 1210 2658 et
1226 2603 1369 2659 Ecclesiae

323 2688 342 2711 “
362 2685 501 2742 Romanus
519 2688 646 2754 nominc,
675 2707 693 2743 a
710 2688 842 2759 personis
869 2687 1076 2743 ecclesiasticis
1102 2693 1132 2743 et
1157 2684 1318 2757 religiosis,
1338 2690 1370 2740 et

323 2772 341 2796 “
361 2770 428 2825 aliis
455 2768 636 2842 quibuslibet
663 2771 735 2827 dicti
763 2770 857 2842 regui,
885 2771 963 2843 apud
991 2788 1072 2842 quas,
1101 2770 1149 2825 vel
1173 2787 1275 2825 earum
1292 2769 1368 2836 loca,

323 2856 341 2880 ‘⁶
361 2853 526 2926 depositum
544 2872 610 2911 esse
628 2854 791 2910 dinoscitur
809 2854 962 2909 residuum
979 2859 1182 2920 memoratum,
1208 2870 1320 2910 necnon
1338 2859 1370 2910 ct

322 2942 341 2966 “
360 2939 588 2995 contradictores
619 2956 673 3011 per
702 2955 857 2995 censuram
888 2939 1145 3005 eccelesiasticam,
1171 2939 1371 3011 appellatione

322 3028 340 3050 “
359 3025 529 3097 postposita,
555 3024 768 3096 compellendi;
800 3023 1008 3079 nonobstante
1030 3024 1057 3078 si
1081 3025 1214 3095 personis
1242 3023 1365 3091 eisdem,

321 3112 339 3135 “
360 3109 407 3164 vel
425 3109 573 3180 aliquibus
587 3109 663 3175 aliis,
684 3109 884 3180 cujuscunque
910 3107 1093 3172 conditionis,
1120 3114 1223 3172 status,
1243 3107 1365 3174 ordinis,

321 3195 339 3219 ‘⁶
359 3193 406 3246 vel
434 3191 596 3265 dignitatis,
627 3193 763 3258 existant,
791 3190 985 3248 communiter
1011 3192 1059 3247 vel
1086 3189 1215 3256 divisim,
1244 3209 1262 3246 a
1290 3192 1368 3248 Sede

321 3283 339 3306 ‘⁶
359 3278 528 3350 Apostolica
547 3281 586 3336 sit
604 3281 751 3336 indultum
770 3278 849 3351 quod
866 3280 1014 3346 interdici,
1029 3279 1177 3352 suspendi,
1191 3279 1240 3336 vel
1253 3297 1368 3336 excom·

322 3366 340 3388 “
360 3363 511 3426 manicam,
540 3382 598 3417 non
622 3363 744 3434 possint,
772 3381 825 3432 per
842 3361 957 3417 litteras
985 3363 1069 3418 Sedis
1097 3363 1286 3436 Apostolicoe,
1308 3381 1368 3421 non

322 3448 340 3472 ‘⁶
360 3445 501 3500 facientes
531 3445 657 3515 plenam,
687 3463 864 3517 expressam,
894 3449 925 3499 et
948 3446 1171 3503 determinatam
1190 3448 1226 3503 de
1250 3447 1368 3505 indulto

322 3532 340 3556 “
359 3526 529 3598 hujusmodi
540 3528 734 3593 mentionem
755 3535 785 3582 et
803 3527 934 3599 qualibet
945 3530 1003 3584 alia
1014 3531 1135 3601 prefatae
1149 3530 1235 3587 Sedis
1253 3531 1368 3587 'indul-

322 3616 340 3640 “
360 3611 468 3682 gentio,
496 3611 627 3681 generali
652 3611 700 3664 vel
724 3611 855 3681 speciali,
884 3612 1084 3684 cujuscunque
1110 3614 1220 3670 tenoris
1245 3612 1294 3670 vel
1319 3634 1368 3672 ex·

321 3698 340 3723 ‘¹
359 3694 518 3767 pressionie
543 3694 658 3758 existat,
683 3710 737 3763 per
762 3713 858 3765 quam,
885 3696 1078 3766 presentibus
1103 3716 1160 3753 non
1185 3717 1365 3770 expressam,

321 3784 340 3806 ‘⁸
359 3779 407 3834 vel
432 3777 561 3832 totaliter
585 3793 643 3830 non
667 3775 816 3842 insertam,
842 3778 962 3834 effectus
987 3798 1087 3835 aarum
1105 3781 1242 3854 impediri
1269 3784 1368 3840 valeat

321 3868 340 3891 “
360 3861 585 3935 quomodolibet,
606 3858 654 3914 vel
673 3857 793 3925 difl'crri,
814 3861 897 3916 etde
915 3862 994 3934 ³qua
1008 3863 1126 3935 plenam
1144 3872 1174 3921 et
1186 3885 1364 3938 expressam,

321 3951 340 3975 ‘⁴
359 3966 392 4002 ac
417 3947 452 4001 de
476 3945 566 4000 verbo
596 3942 634 3998 ad
657 3943 781 3998 verbum
810 3951 942 4017 oporteat
966 3947 997 4000 in
1027 3950 1134 4003 nostris
1160 3950 1269 4005 litteris
1299 3951 1367 4007 lieri

320 4036 339 4060 “
359 4031 552 4092 mentionem
582 4028 698 4099 plenam
710 4031 740 4080 et
758 4027 881 4082 liberam
900 4031 1089 4100 praesentium
1110 4035 1283 4089 auctoritate
1297 4053 1365 4090 con-

320 4120 338 4144 “
359 4114 489 4171 cedimus
502 4109 680 4167 facultatem.
719 4109 828 4165 Datum
846 4111 992 4177 Laterani,
1006 4113 1099 4169 Nonis
1111 4115 1275 4182 Februarii,
1289 4118 1366 4175 Pon·

321 4203 339 4227 “
359 4199 487 4255 tificatus
505 4193 598 4251 nostri
616 4209 691 4247 auno
709 4193 821 4248 sexto.”

352 4432 436 4482 ¹This
459 4432 529 4483 word
557 4429 580 4478 is
603 4427 693 4476 almost
724 4424 843 4489 wholly*
898 4424 1102 4489 ²indulpentieiu
1114 4431 1170 4480 MS.

319 4513 467 4564 obliterated
476 4511 503 4560 in
515 4508 558 4558 the
568 4507 624 4558 MS.
898 4504 909 4534 ³
921 4505 982 4555 Thia
988 4509 1058 4556 word
1068 4507 1090 4556 is
1098 4510 1220 4562 doubtful.
