3038 5452
327 653 392 713 432
699 666 807 716 essm
829 666 996 717 mauron

174 831 293 887 Thomas.

204 900 264 948 suth

184 966 280 1080 Ἢῑ,
325 963 373 1030 Dc
395 964 547 1031 intricati
574 965 732 1046 Oloualti,
757 976 785 1032 et
810 969 968 1054 &rapticio
1000 968 1383 1055 cott'or'ano.-t¹apttu-

176 1066 299 1149 isai-3⁶,
670 1070 744 1135 letos
772 1071 1007 1138 Undecima-nr.

159 1253 201 1302 011
213 1251 257 1302 the
361 1245 379 1267 “
399 1242 466 1296 Non
484 1249 530 1298 cst
546 1246 671 1313 pastoris
691 1247 848 1310 excusatio,
869 1247 895 1301 si
912 1246 1001 1318 lupus
1019 1263 1088 1301 oves
1107 1246 1252 1310 comedat,
1265 1249 1298 1300 et
1316 1264 1382 1317 pas·

156 1318 311 1383 (¹⁰²50fthe
326 1327 344 1351 ‘⁴
363 1331 410 1380 tor
436 1327 491 1381 hoc
518 1328 648 1391 neseiut;
674 1347 741 1383 nam
770 1329 954 1384 subditorum
975 1331 1096 1401 sanguis
1124 1329 1161 1384 de
1184 1329 1381 1401 praelatorum

156 1385 272 1501 effi?
284 1394 310 1435 ¹⁰
325 1412 343 1435 “
360 1410 494 1465 manibus
507 1411 684 1480 requiretur.
723 1412 907 1485 Quapropter
919 1414 1150 1485 praedecessores
1168 1414 1265 1469 nostri
1278 1431 1380 1468 mona·

155 1517 302 1568 ffimveq
325 1496 344 1519 “
363 1493 433 1548 chos
452 1495 482 1548 in
507 1495 634 1551 claustro
658 1497 852 1561 residerent
874 1499 953 1553 sica
980 1499 1117 1568 luporum
1142 1497 1294 1552 morsibus
1323 1498 1382 1552 tuti

156 1584 237 1634 tothe
325 1580 343 1602 “
362 1577 565 1644 redderentur,
588 1587 687 1635 sancte
712 1588 886 1636 statuerunt.
924 1581 1001 1635 Nam
1027 1582 1105 1636 sicut
1128 1587 1175 1636 est
1194 1582 1289 1653 piscis
1315 1582 1381 1637 siue

156 1650 265 1711 ⁰¹⁰i⁸t0¹3
325 1668 343 1690 “
363 1682 448 1735 aqua,
468 1667 511 1721 ita
529 1674 559 1722 ct
576 1668 736 1723 monachus
756 1670 818 1722 sine
838 1669 976 1724 claustra.
1014 1668 1076 1723 Nos
1094 1669 1199 1739 igitur,
1213 1668 1379 1740 predeces-

155 1717 310 1833 ffleoey
324 1752 343 1775 “
363 1767 461 1803 sorum
487 1760 653 1806 nostrorum
683 1753 810 1823 uestigia
837 1761 1001 1823 sequentes,
1034 1753 1200 1808 inhibemus
1228 1753 1382 1807 universis

156 1849 271 1900 lemos
324 1834 343 1858 “
362 1834 511 1889 nronucbis
537 1837 655 1901 nostris,
682 1854 719 1890 ne
750 1855 851 1890 eorum
876 1837 985 1907 uliquis
1010 1837 1172 1892 claustrum
1196 1836 1278 1891 exire
1305 1854 1382 1908 prae·

156 1918 269 1969 absence.
323 1919 342 1942 ‘⁸
362 1924 460 1972 sumat
478 1919 587 1990 absque
607 1919 774 1991 Superioris
796 1921 916 1974 licentia
934 1921 1027 1991 petita
1043 1928 1074 1975 et
1090 1920 1225 1984 oberte,
1245 1921 1381 1991 exceptis

324 2003 342 2026 “
361 2000 420 2055 hiis
445 2004 496 2074 qui
522 2004 600 2058 circa
627 2004 893 2059 administrationes
914 2005 957 2058 eis
978 2004 1158 2067 commissae,
1172 2022 1209 2058 ex
1228 2013 1381 2075 praecepto

324 2088 342 2110 “
364 2085 541 2156 Superioris,
555 2088 684 2143 exterius
706 2095 893 2159 occupantur.
933 2087 965 2142 Si
979 2089 1045 2159 quis
1065 2094 1173 2151 autem,
1187 2093 1292 2142 contra
1303 2087 1381 2142 hane

324 2171 343 2194 ‘⁵
363 2170 565 2224 inhibitionem
578 2177 716 2236 nostram,
731 2172 893 2226 claustrum
911 2172 991 2225 exire
1003 2172 1226 2241 presumpserit
1242 2189 1299 2240 per
1317 2180 1380 2225 tres

324 2255 343 2278 “
363 2253 425 2307 dies
456 2253 625 2309 immediate
662 2262 828 2325 sequentes,
867 2255 944 2310 sicut
980 2254 1243 2310 ¹hebdomadarius
1274 2255 1381 2309 Missae

324 2339 342 2362 ‘⁴
363 2336 494 2406 Majoris‚
515 2339 651 2392 continue
669 2337 701 2391 in
719 2339 848 2393 claustro
860 2338 997 2394 resideat.
1036 2338 1291 2408 Providcaturque
1310 2338 1380 2392 dili·

324 2422 343 2445 ‘⁶
363 2429 475 2486 genter,
495 2428 530 2475 ut
554 2439 702 2492 nunquam
722 2421 893 2479 claustrum.
915 2423 961 2476 rel
983 2423 1153 2485 oratorium,
1172 2430 1306 2493 tempore
1320 2441 1380 2494 quo

324 2506 342 2529 “
363 2506 529 2559 Conventus
548 2505 588 2558 ibi
611 2522 740 2574 praescns
765 2506 862 2570 fuerit,
886 2506 1008 2560 custode
1030 2505 1148 2560 Ordinis
1167 2514 1285 2571 carcat;
1308 2506 1380 2577 ipsi-

326 2590 344 2612 “
364 2606 420 2657 quc
439 2588 573 2642 custodes
593 2589 721 2644 studiose
741 2589 956 2660 superridennt,
976 2595 1010 2643 ut
1034 2589 1139 2643 iratres
1161 2589 1260 2643 debito
1290 2590 1381 2645 modo

326 2674 345 2697 ‘⁴
366 2689 397 2725 se
415 2672 558 2737 habeant;
579 2673 702 2745 quodsi
726 2675 855 2744 aliquem
883 2675 913 2728 in
933 2675 1070 2737 claustro
1094 2673 1143 2728 vel
1164 2675 1304 2739 oratorio,
1326 2684 1381 2729 aut

326 2758 344 2782 ‘⁶
365 2773 538 2828 quocunque
560 2758 617 2812 alio
641 2758 714 2822 loce,
728 2758 908 2828 delinquere,
928 2758 974 2812 rel
996 2757 1187 2829 quovismodo
1211 2759 1380 2814 inordinate

324 2843 343 2866 ‘⁶
364 2859 395 2895 se
419 2841 536 2904 habere,
558 2842 697 2896 sciverint
727 2841 774 2895 vel
801 2842 956 2906 audierint,
990 2859 1039 2896 eos
1067 2843 1098 2896 iu
1121 2842 1249 2896 crastino
1275 2860 1380 2897 coram

324 2928 342 2950 ‘⁶
363 2924 515 2979 Conventa
527 2927 557 2978 in
570 2925 706 2996 Cupitulo
725 2926 913 2997 proclamare,
934 2946 966 2979 ac
986 2926 1083 2980 debito
1104 2926 1190 2980 modo
1214 2927 1378 2996 corrigere.

322 3011 341 3036 ‘⁸
360 3027 417 3063 non
436 3010 589 3074 omittant;
616 3028 705 3081 super
733 3010 841 3081 quibus
860 3011 993 3065 omnibus
1013 3028 1115 3064 corum
1133 3029 1291 3065 oneramus
1311 3031 1380 3065 cen·

324 3097 342 3119 “
363 3094 511 3148 scientias.
813 3093 816 3098 ’

357 3181 376 3204 “
397 3177 500 3231 Frater
518 3184 625 3241 autem,
646 3197 713 3232 cum
733 3197 788 3250 pro
807 3196 978 3248 quacunque
996 3178 1083 3249 culpa
1103 3178 1134 3231 in
1153 3178 1293 3250 Capitale
1312 3199 1379 3251 pro-

323 3264 342 3288 “
362 3263 515 3327 clamatur,
539 3262 708 3317 obedienter
730 3263 846 3316 veniam
870 3269 960 3333 petut,
981 3262 1094 3332 culpam
1117 3280 1201 3317 suam
1219 3263 1379 3319 humiliter

323 3349 342 3372 “
362 3347 532 3410 confitendo,
552 3365 609 3400 non
628 3347 701 3402 salso
719 3347 862 3415 negando,
882 3348 929 3400 vel
949 3365 979 3400 se
998 3346 1171 3409 excusando,
1185 3354 1237 3402 aut
1255 3349 1376 3420 culpam

323 3433 343 3456 “
364 3448 446 3483 suam
472 3430 689 3500 quomodolibet
710 3430 899 3484 defendenda.
940 3430 971 3483 Si
991 3448 1061 3484 vero
1082 3430 1189 3500 aliquis
1211 3433 1378 3502 proclama-

361 3514 471 3567 tionem
502 3522 553 3568 aut
577 3516 788 3569 correctionem
815 3514 980 3585 Superioris
1005 3515 1200 3584 indignanter,
1228 3528 1280 3570 aut
1306 3536 1377 3573 cum

323 3601 343 3624 “
362 3614 522 3661 murmure,
553 3599 665 3663 tulerit,
693 3604 744 3653 aut
769 3598 884 3668 eulpam
910 3616 992 3652 stram
1019 3598 1185 3652 mentiendo
1207 3603 1376 3671 negaverit,

324 3685 343 3708 “
363 3699 415 3735 seu
433 3682 644 3736 contumaciter
662 3681 818 3735 defendere
839 3683 1069 3752 praesumpserit,
1089 3682 1137 3736 rel
1158 3682 1217 3737 alio
1236 3685 1325 3739 modo
1344 3686 1378 3740 in

323 3765 588 3819 “correctionibus
618 3765 737 3819 rebellis
765 3766 903 3828 extiterit,
933 3783 985 3835 per
1009 3766 1081 3819 duos
1112 3765 1174 3821 dies
1202 3767 1379 3823 immediate

323 3854 342 3877 ‘⁵
363 3856 516 3921 sequentes
535 3850 705 3903 continuum
718 3849 854 3903 observet
866 3850 1015 3904 silentium
1023 3873 1031 3913 ;
1051 3850 1123 3905 alias
1136 3869 1190 3921 pro
1202 3852 1291 3923 eulpa
1309 3872 1376 3917 sua,

324 3939 342 3961 “
362 3953 415 4006 pro
434 3953 492 4007 qua
504 3933 645 3989 clamatus
659 3934 756 3996 fuerit,
769 3934 816 3987 vel
836 3952 923 4004 quam
936 3933 1091 3988 defendere
1105 3941 1156 3989 aut
1176 3936 1249 3990 falso
1260 3955 1378 4008 negare

322 4023 342 4046 “
362 4018 592 4090 presumpserit,
613 4017 647 4071 ad
670 4018 825 4072 arbit-rium
838 4017 1039 4082 Praesidentis‚
1053 4018 1233 4088 regulariter
1251 4023 1379 4091 punien-

324 4107 342 4130 “
362 4105 434 4169 dus3
461 4103 689 4158 inobedientium
707 4112 811 4170 ‚tamen
838 4103 1016 4156 correctione
1035 4102 1118 4156 nobis
1141 4105 1311 4174 specialiter
1329 4126 1379 4161 re·

324 4191 343 4214 “
364 4194 487 4243 servata.
525 4186 697 4257 Quicunque
716 4187 803 4240 ctiam
824 4187 915 4240 alium
934 4187 962 4239 in
982 4186 1117 4256 Capitulo
1136 4185 1305 4255 defendere,
1327 4193 1378 4246 vel

323 4275 343 4299 “
362 4271 572 4326 Praesidentem
608 4271 637 4324 in
663 4271 724 4324 suis
754 4269 983 4323 correctionibus
1019 4270 1186 4340 aliqualiter
1217 4273 1376 4343 impedire,

323 4361 342 4384 ‘⁴
362 4356 590 4428 praesumpserit,
616 4373 703 4425 prena
727 4355 872 4408 consimili
891 4354 1076 4424 percellatur.
1116 4355 1154 4409 Et
1173 4362 1207 4410 ut
1231 4358 1378 4428 praedicta

695 4580 701 4610 ¹
713 4578 899 4629 eluiomodorr'us
914 4580 940 4628 in
952 4581 1008 4630 MS.
