3038 5452
416 716 626 768 nouasrnsu
649 714 770 764 suren
792 710 927 762 ,meme
1131 695 1195 760 393

1227 892 1344 950 Thomu,

149 980 254 1046 Breve
276 973 580 1044 mumriuumrium
594 973 697 1060 Regiis
711 973 850 1059 Aupliae
867 971 1039 1040 Collectori
1053 970 1199 1037 Dorrr'mi
1240 957 1333 1075 iffi

395 1079 502 1166 Pupoe
525 1077 567 1144 ele
588 1075 736 1143 moesti
754 1082 954 1162 presentato.
1228 1091 1341 1208 mm

198 1230 279 1296 Haec
310 1229 384 1294 ideo
416 1229 539 1314 scripsi,
562 1232 602 1292 ut
633 1232 772 1292 caveant
805 1228 927 1312 posteri
960 1227 1001 1291 de
1034 1224 1201 1291 Prioribus
1256 1253 1342 1289 --.

155 1333 320 1399 Oellarum
343 1333 377 1396 in
401 1331 613 1396 electionibus
628 1328 733 1394 iacere
748 1329 957 1405 mentionem,
974 1328 1053 1415 quis
1067 1327 1201 1416 perdere
1214 1315 1361 1432 tiolffileffi

153 1435 250 1523 plura
270 1439 408 1521 possunt
430 1454 488 1520 per
509 1431 733 1518 hujuscemodi
757 1433 963 1498 occasionem.
1216 1448 1336 1499 offis„

198 1537 268 1624 Ope
291 1536 426 1602 tandem
448 1535 557 1622 Regis,
580 1556 601 1598 n
624 1534 740 1621 coeptis
763 1534 896 1600 destitit
921 1535 1080 1622 Magister
1103 1534 1203 1619 Hugo
1216 1515 1295 1564 inme

156 1640 360 1727 Peregrinus,
395 1637 582 1723 hujusmodi
615 1637 715 1725 Regis
747 1637 860 1702 littera
902 1638 966 1702 sibi
1004 1637 1134 1714 directa,
1170 1581 1361 1701 etllblllllos

154 1744 352 1810 auctoritate
375 1742 482 1806 Bullae
504 1740 704 1828 praefatae:-

192 1849 211 1872 ·‘
231 1845 293 1899 Rex
311 1843 456 1915 Magistro
473 1842 595 1914 Hugoni
619 1841 790 1912 Peregriuo‚
816 1840 931 1896 Nuncio
950 1841 1069 1896 Domini
1088 1843 1199 1896 Summi
1215 1853 1297 1916 κομι

156 1935 176 1957 “
196 1928 346 1984 Pontifieis
375 1928 408 1982 in
436 1926 555 1997 Aegiis,
576 1925 708 1981 salutem.
769 1925 852 1979 Licet
869 1924 1020 1980 Priorstus
1047 1926 1083 1980 dc
1110 1920 1307 1996 Tyno-Iotter.

157 2018 177 2042 ‘⁴
197 2014 299 2068 matha
317 2012 399 2067 Cella
419 2011 573 2067 Abbathim
591 2010 627 2065 dc
647 2010 753 2064 Sancto
771 2009 885 2064 Albano
902 2009 1016 2075 existat,
1030 2029 1064 2066 ac
1084 2010 1202 2066 Priores
1215 2000 1345 2115 {lhaerffil

157 2103 178 2126 ‘⁴
198 2098 350 2154 Prioratns
375 2095 518 2168 praedicti,
539 2095 590 2167 qni
617 2112 671 2165 pro
697 2101 827 2164 tempore
853 2094 970 2158 suerint,
990 2112 1043 2165 per
1059 2093 1204 2149 Abbatcm
1216 2117 1357 2168 Nuneiono

158 2186 179 2209 ‘⁴
198 2181 352 2237 Abbathiro
369 2179 518 2252 praediotae
536 2179 574 2234 ad
591 2178 770 2234 voluntatem
783 2194 866 2231 suam
884 2177 1052 2233 removendi
1070 2179 1203 2243 existant,
1219 2185 1306 2248 longer
1318 2192 1344 2233 to

158 2270 179 2293 ‘⁴
198 2272 230 2321 et
247 2282 362 2336 semper
379 2263 520 2318 hactenns
547 2262 650 2316 remoti
671 2260 812 2324 fuissent;
843 2261 886 2315 ita
904 2260 981 2331 quod
998 2279 1053 2316 nec
1069 2280 1132 2327 nos,
1151 2281 1206 2318 neo
1219 2251 1308 2327 {³0¹⁸th
1319 2251 1344 2298 5¹¹

159 2349 305 2421 “aliquis
332 2347 418 2412 elius,
438 2346 600 2418 proficuum
628 2344 747 2415 aliquod
764 2345 876 2400 ratione
904 2344 1029 2417 alicujus
1046 2347 1206 2403 vacationis
1219 2325 1358 2434 {ssffifioe

159 2437 180 2460 ‘⁴
200 2432 352 2487 Prioratus
372 2430 453 2485 illius
471 2435 621 2500 reportare
639 2428 805 2492 debeamus,
825 2445 879 2482 nee
897 2431 1144 2494 consueverimus,
1155 2449 1207 2486 vos
1222 2449 1376 2501 orthem,

160 2520 181 2544 “
201 2523 308 2580 tamen,
323 2512 535 2586 praetendentes
547 2512 712 2567 Prioratum
726 2511 899 2582 praedictum
917 2512 948 2567 in
968 2513 1057 2569 Curia
1068 2514 1208 2579 Romana,
1222 2517 1252 2567 ol
1260 2518 1342 2582 Tyne-

160 2604 254 2671 “per
283 2598 538 2660 confirmationem,
559 2601 589 2650 et
618 2614 708 2652 sucroe
734 2595 944 2651 benedictionis
974 2599 1104 2653 muneris
1123 2599 1210 2654 colla·
1222 2584 1318 2635 mmuh·

160 2681 459 2745 “tionem‚'1¹homoe
489 2679 525 2734 de
550 2679 581 2734 la
605 2678 698 2742 Mare,
719 2678 770 2749 qui
797 2679 965 2735 Prioratnm
983 2681 1156 2752 praedictum
1174 2684 1210 2738 de

161 2772 182 2794 ‘⁶
202 2767 350 2821 voluntate
379 2782 474 2835 nuper
504 2763 635 2819 Abbatis
662 2761 813 2818 Abbathiae
831 2764 979 2835 praedictae
997 2769 1158 2838 occupavit,
1180 2768 1212 2822 iu

161 2856 181 2878 ‘⁶
201 2850 345 2906 Abbetem
370 2849 427 2904 loci
452 2847 594 2919 praedicti,
614 2848 645 2901 in
675 2847 766 2902 curio
794 2848 926 2904 Romanu
952 2851 1067 2915 factum,
1087 2851 1118 2906 in
1148 2852 1212 2922 ipsa

162 2938 183 2961 ‘⁶
204 2935 295 2990 Curia
311 2950 442 2997 vae-asse,
462 2949 551 3003 quarn
569 2948 706 3001 magnam
725 2931 856 3002 pecunius
875 2951 1019 2989 summam
1037 2952 1090 3005 pro
1108 2935 1211 3006 primis

163 3018 348 3074 “fructibus
385 3017 479 3089 ipsius
509 3015 670 3079 Prioratus,
698 3014 810 3071 ratione
840 3015 1010 3089 hujusmodi
1051 3019 1211 3074 vacationis

164 3106 184 3130 ‘⁶
204 3101 357 3157 Prioratus
384 3100 526 3169 ejusdem,
553 3115 607 3170 per
633 3116 770 3153 censuros
799 3107 912 3156 vestras
942 3101 978 3156 de
997 3102 1145 3157 Clemente
1175 3102 1211 3156 dc

165 3192 185 3214 ⁴⁶
207 3183 454 3247 Whathamstede‚
475 3183 527 3254 qui
544 3183 655 3237 dictum
673 3182 840 3238 Prioratum
858 3184 896 3239 ad
913 3185 1091 3240 voluntatem
1119 3185 1212 3256 ipsius

168 3275 188 3298 “
207 3286 285 3324 nunc
302 3267 425 3322 Abbatis
440 3266 503 3338 jam
522 3273 661 3336 oecuput3
698 3265 769 3332 (acsi
787 3265 865 3321 idem
890 3267 977 3323 Prior
995 3269 1145 3332 electivus,
1164 3271 1213 3324 vel

169 3358 189 3382 ‘¹
209 3353 282 3409 alias
301 3369 353 3423 per
378 3349 561 3405 collationem
580 3349 641 3404 sive
668 3349 922 3419 praesentationem
939 3350 1007 3405 inde
1025 3353 1131 3407 factum
1149 3371 1213 3424 per·-

167 3441 186 3466 “
206 3443 322 3509 petnns,
332 3433 446 3497 fuisset,
459 3450 526 3487 cum
538 3450 595 3487 non
609 3432 676 3499 sit;)
690 3431 787 3486 levare
799 3433 937 3498 nitimini,
951 3434 982 3489 in
994 3435 1087 3506 ipsius
1099 3436 1215 3492 Priora

167 3527 187 3550 “
206 3529 255 3576 tus
273 3517 537 3580 deteriorationem,
557 3533 590 3571 ao
615 3516 888 3587 depauperationem
912 3518 1215 3586 manifestum-Nos,

170 3611 189 3633 “
209 3605 395 3661 advertentes
418 3600 497 3671 quod
514 3599 591 3654 idem
610 3600 761 3654 Prioratus
779 3619 868 3655 unum
889 3601 925 3656 dc
944 3603 1113 3661 fortioribus
1132 3609 1219 3661 sortu-

170 3694 190 3718 “
209 3688 345 3744 liciorum
357 3690 523 3740 nostrorum
536 3684 567 3737 in
578 3683 712 3738 Marchia
724 3682 839 3747 Scotiae,
849 3693 950 3740 contra
960 3686 1082 3743 hostiles
1095 3689 1219 3744 iuvasio-

170 3778 189 3801 “
209 3790 260 3827 nes
287 3771 450 3833 Scotorum,
470 3767 656 3823 inimicorum
675 3773 705 3822 et
721 3767 878 3823 rebellium
895 3776 1072 3837 nostrorum,
1102 3774 1219 3837 existit3

170 3860 190 3884 ‘⁸
210 3855 345 3927 qnodque
364 3852 442 3907 idem
459 3852 622 3913 Prioratns,
642 3850 766 3906 durante
784 3869 894 3922 guerra
911 3854 988 3910 inter
1005 3875 1058 3911 nos
1081 3864 1110 3911 et
1128 3857 1220 3912 dictos

170 3944 190 3968 ‘¹
209 3939 345 3994 inimicos
356 3943 481 3998 nostros,
496 3934 531 3989 dc
544 3934 778 4006 possessionibus
797 3937 950 4001 suissuis
970 3940 1121 4005 sufficiant,
1135 3948 1223 4010 prout

171 4027 191 4050 “
210 4022 280 4078 totis
293 4020 482 4091 temporibus,
504 4038 521 4073 u
538 4024 669 4089 tempore
682 4036 799 4090 guerrae
817 4021 894 4075 inter
911 4041 964 4077 nos
977 4029 1007 4077 et
1019 4025 1221 4095 progenitores

170 4112 188 4135 “
207 4112 330 4169 nostros,
345 4101 490 4174 quondam
503 4102 601 4174 Reges
619 4102 745 4172 Angue,
761 4109 791 4158 et
812 4104 891 4175 ipsos
903 4105 940 4159 de
959 4105 1057 4160 Scotia
1069 4114 1163 4170 metue,
1186 4108 1222 4162 de

172 4193 192 4218 “
210 4188 377 4244 hominibus
404 4193 434 4241 et
463 4185 639 4241 victualibus
665 4191 766 4240 eontra
791 4186 960 4256 hujusmodi
988 4188 1109 4243 hostiles
1143 4190 1222 4245 inva-

176 4276 196 4300 “
217 4272 317 4328 siones
343 4270 453 4325 muniri
475 4269 643 4333 consuevit3
665 4276 695 4322 ct
713 4267 790 4340 quod
815 4287 914 4326 omnes
932 4272 1130 4342 possessiones
1149 4291 1222 4344 prm·

173 4359 193 4385 ‘¹
213 4355 299 4412 dictae
317 4354 355 4410 ud
370 4353 539 4424 hujusmodi
558 4370 646 4408 onera
658 4352 862 4424 supportanda,
880 4361 967 4425 atque
987 4355 1095 4411 auxilio
1112 4365 1221 4423 nostro,

175 4438 361 4494 “modernis
384 4437 564 4508 temporibus
589 4437 719 4491 sufficere
745 4453 801 4490 non
825 4437 950 4506 possint:
976 4445 1007 4493 et
1029 4440 1159 4495 volentes
1189 4461 1223 4496 eo

175 4528 195 4550 ‘⁶
215 4528 356 4594 prmtartu
376 4540 430 4593 pro
449 4521 594 4576 communi
619 4520 744 4574 utilitutc
762 4520 847 4588 regni
866 4522 958 4575 nostri
977 4522 1102 4595 Anglien,
1117 4543 1149 4580 ac
1168 4527 1229 4580 sal-'

175 4612 195 4636 “
214 4607 331 4666 ratione
344 4605 481 4662 Marobiae
504 4604 659 4676 predictae,
672 4603 838 4673 hujusmodi
858 4603 1019 4667 voluntarie
1038 4609 1224 4680 oppressione
