3038 5452
332 689 374 751 12
708 703 815 753 ossas
837 703 1000 756 assarum

170 881 238 933 ³⁰¹¹¹¹
253 883 313 945 111
377 890 515 968 “,Item
545 892 572 956 si
595 892 723 976 aliquid
747 891 840 957 dedit
862 892 916 958 vel
945 892 1098 980 promisit
1131 894 1376 981 compromissa·

196 950 341 1078 sille‘
343 992 432 1058 ‘riis
455 993 530 1075 suis,
554 994 619 1058 ut
610 1016 718 1080 rpsum
741 995 910 1082 eligerent.
966 996 1021 1061 Ad
1044 996 1134 1081 quod
1157 996 1222 1061 fuit
1244 1019 1377 1085 respon·

166 1083 317 1202 129ῒὲοι
332 1100 351 1130 11
373 1116 453 1171 sum,
477 1096 564 1182 quod
586 1118 661 1161 non

376 1196 512 1279 “,Item
536 1200 564 1264 si
586 1221 620 1265 se
645 1198 826 1265 immiscuit
846 1200 889 1264 ad
912 1199 1189 1265 ministrationem
1211 1206 1377 1288 tempora·

330 1300 452 1366 “lium
474 1307 534 1367 aut
556 1301 787 1389 spiritrmlinm
818 1300 874 1366 Ad
889 1302 977 1387 quod
991 1302 1057 1369 fuit
1071 1325 1271 1390 responsum,
1287 1304 1376 1389 quod

328 1404 465 1469 “”non

373 1505 557 1572 -Dioebat
571 1510 683 1571 tamen
699 1506 862 1571 Dominus
878 1504 1087 1593 ¹Neapolcon
1102 1508 1191 1595 quod
1213 1507 1310 1573 valde
1324 1531 1375 1574 re·

329 1609 419 1687 moti,
441 1608 603 1689 videlicet,
626 1610 714 1674 ultra
730 1609 864 1674 Italiam
888 1611 1069 1691 constituti,
1093 1611 1231 1676 sielecti
1247 1610 1317 1676 sint
1339 1612 1375 1677 in

328 1712 508 1789 concordia,
523 1711 753 1800 dispensative,
776 1716 909 1798 propter
926 1713 1136 1779 necessitates
1158 1713 1375 1793 ecclesiarum,

328 1820 363 1881 et
382 1817 553 1895 utilitates,
569 1822 706 1904 possunt
721 1816 950 1882 administrare
971 1839 1031 1903 per
1053 1817 1144 1883 illam
1169 1817 1373 1886 Decretalem

328 1917 369 1983 de
399 1917 654 1997 ”Electionibus
680 1923 715 1984 et
744 1917 859 1984 electio
882 1920 1066 2005 pronihilo
1089 1927 1146 1987 est.
1216 1921 1282 1986 Sed
1305 1920 1374 1986 Do-

327 2021 436 2088 minus
445 2022 694 2088 Tusculanensis
710 2020 849 2100 dicebat,
866 2027 901 2086 et
915 2021 1009 2100 male,
1020 2023 1109 2108 qnod
1124 2022 1181 2087 illa
1192 2022 1375 2090 Decretalis

326 2122 410 2188 nihil
433 2124 581 2210 loquitur
602 2122 668 2187 nisi
692 2126 825 2187 tantum
848 2122 888 2187 de
911 2122 1024 2189 electis
1045 2125 1082 2189 in
1106 2124 1337 2212 Episcopos-

371 2231 390 2261 “
412 2225 510 2306 Item,
526 2225 778 2312 quaerebatursi
794 2225 958 2311 professus
980 2231 1066 2292 esset
1081 2227 1242 2314 Regulam
1259 2228 1374 2295 Sancti

325 2333 344 2363 “
365 2328 543 2406 Benedicti,
567 2332 602 2393 et
631 2327 668 2392 in
689 2327 762 2414 ipsa
783 2326 866 2392 bene
898 2333 1060 2414 expertus
1118 2329 1174 2395 Ad
1197 2331 1286 2418 quod
1308 2330 1374 2397 fuit

326 2435 345 2466 “
368 2452 566 2516 responsum,
590 2429 679 2515 quod
702 2429 755 2496 sic.

370 2539 388 2569 “
411 2532 507 2614 Item,
531 2533 560 2598 si
585 2533 728 2619 aliquem
751 2532 787 2596 in
808 2530 982 2597 ordinibus
1003 2537 1173 2620 pateretur
1199 2535 1373 2600 defectum.

325 2643 343 2672 “
364 2635 419 2700 Ad
442 2635 530 2722 quod
551 2635 617 2700 fuit
639 2656 839 2721 responsum,
863 2634 951 2720 quod
975 2658 1049 2702 non.

371 2744 389 2773 “
412 2737 509 2816 Item,
529 2737 557 2803 si
579 2737 725 2802 moribus
749 2742 783 2801 et
797 2735 870 2801 vita
884 2742 970 2802 esset
992 2737 1267 2804 commendabilia
1317 2739 1372 2804 Ad

326 2848 345 2876 “
366 2842 455 2928 quod
479 2840 544 2906 fuit
565 2861 764 2926 responsum,
786 2839 874 2923 quod
896 2838 949 2903 sic.

370 2950 387 2979 “
411 2944 507 3024 Item,
539 2943 567 3007 si
589 2942 702 3007 liberae
724 2939 931 3018 conditionis,
958 2941 1055 3006 etde
1083 2941 1233 3029 legitimo
1264 2942 1369 3022 ³toro,

325 3056 344 3083 “
364 3054 463 3114 natus
486 3051 577 3112 esset
632 3043 688 3109 Ad
710 3042 799 3131 quod
820 3043 887 3108 fnit
910 3064 1107 3130 responsum,
1131 3045 1219 3130 quod
1241 3046 1294 3111 sic

369 3157 388 3187 “
412 3152 507 3231 Item,
530 3150 559 3215 si
590 3147 815 3215 convenientis
836 3148 890 3212 vel
919 3145 1110 3212 sufficientis
1135 3153 1220 3213 esset
1244 3149 1371 3215 littera-

324 3259 344 3289 “
367 3258 460 3331 turae,
491 3253 583 3319 etin
616 3251 852 3338 temporalibus
884 3249 1141 3337 circumspectus.
1203 3251 1259 3316 Ad
1282 3252 1370 3339 quod

326 3361 345 3390 “
366 3356 431 3420 fuit
454 3376 654 3441 responsum,
681 3352 770 3439 quod
792 3349 865 3416 sic.”
909 3351 912 3363 '

323 3629 373 3695 De
387 3634 508 3695 mutuo
518 3647 584 3714 pro
605 3623 759 3713 seperate
773 3617 971 3692 ⁴memorati
988 3625 1130 3693 abbatis
1151 3626 1194 3693 in
1209 3629 1370 3697 Εοπιαπα

657 3731 766 3799 Curuo
792 3737 871 3798 cont
855 3731 979 3800 tractis.

155 3908 288 4027 sprePpope
368 3901 452 3968 Cum
474 3905 585 3966 autem
610 3922 754 3966 memora
757 3906 810 3966 tus
840 3901 961 3966 electus
987 3900 1212 3987 procuratoris
1237 3902 1368 3969 diversa

155 4041 197 4091 the
202 4043 279 4093 abb
279 4043 309 4094 t,
290 4006 512 4071 monachis
503 4027 540 4069 m
555 4004 711 4069 comitiva
726 4027 786 4069 sua
799 4003 944 4068 existent
930 4004 1026 4081 tibus,
1042 4008 1077 4067 et
1093 4002 1254 4090 Magistro
1269 4005 1368 4092 Regi·

153 4174 187 4222 bo
171 4107 278 4226 'nivi
322 4109 421 4175 naldo
451 4108 491 4173 de
525 4106 646 4172 Sancto
669 4105 809 4184 Albano,
841 4104 1119 4170 subalternatione
1149 4104 1245 4184 facta,
1280 4127 1367 4171 com-

609 4280 745 4289 —-..
758 4283 773 4287 ,-
791 4281 817 4287 ...-
840 4281 862 4285 -.
879 4279 1065 4286 ..---,--.

354 4381 532 4446 ¹Apparently
555 4377 775 4443 “Neapoleonus”
793 4377 820 4425 in
841 4376 844 4431 2
866 4376 921 4428 ΜΒ.
934 4377 955 4426 it
973 4378 1045 4427 reads
1057 4375 1249 4427 thum-“clem
1267 4386 1290 4428 et
1308 4377 1368 4428 claci

320 4462 363 4512 the
385 4462 460 4519 Ma,
495 4462 539 4508 but
555 4475 596 4510 see
615 4458 657 4509 the
680 4457 821 4508 accusative
865 4460 880 4484 “
895 4474 922 4521 p.
934 4454 996 4506 niel.
1008 4455 1069 4505 (Μ’

319 4538 680 4603 “Nc·upolconoa''iupage9
698 4545 763 4587 ante.
841 4546 843 4588 ἰ
897 4533 1091 4585 ³1lroroinMS.

354 4620 364 4654 ²
376 4618 439 4671 This
445 4631 549 4683 passage
556 4616 578 4669 is
589 4616 720 4677 doubtlu13
737 4615 767 4667 in
776 4616 819 4671 the
839 4628 842 4667 ι
896 4614 906 4650 ⁴
918 4616 1005 4668 manti
1015 4615 1042 4668 in
1054 4614 1120 4676 Ms,
1134 4616 1169 4680 by
1180 4615 1363 4674 inadvertence.
