3038 5452
321 689 363 754 10
710 703 817 754 onem
839 704 1002 759 munruu

158 895 230 948 John
241 897 301 960 m,
319 893 337 923 ‘⁴
359 889 472 955 Beatec
485 887 600 955 Mariae
612 889 769 978 Virginis,
786 892 913 978 quinto,
928 892 1062 974 scilicet,
1078 892 1160 959 Idus
1174 893 1372 979 Decembris,

184 965 280 1094 ,5⁹1be
319 999 337 1029 “
359 992 488 1078 publice
510 1014 548 1057 ao
570 994 759 1061 solemniter
782 996 816 1060 in
841 995 1005 1082 Capitulo.

196 1098 266 1147 AD·
364 1103 381 1128 “
399 1093 494 1173 Item,
518 1117 576 1182 per
602 1119 703 1183 quam
727 1098 818 1162 viam
841 1099 1080 1186 procedebatur
1101 1099 1144 1163 ad
1167 1098 1368 1165 electionem.

153 1169 307 1272 ¹²⁹ffl⁸⁰h
321 1203 338 1230 “
360 1195 415 1260 Ad
448 1199 535 1282 quod
567 1198 632 1263 fuit
666 1222 867 1285 responsum,
897 1202 984 1285 quod
1018 1201 1188 1287 perviam
1222 1223 1368 1288 compro·

320 1299 458 1365 “missi

361 1410 379 1435 “
393 1401 488 1478 Item,
516 1424 616 1487 quare
640 1405 751 1489 potius
774 1405 858 1469 hono
878 1427 936 1490 per
960 1405 1048 1469 viam
1072 1427 1168 1490 quam
1194 1405 1366 1492 perviam

314 1511 334 1540 “
356 1505 516 1570 scrutinii.
563 1506 618 1569 Ad
633 1507 721 1592 quod
736 1506 801 1571 fuit
823 1528 1024 1592 responsum,
1039 1508 1136 1593 quod,
1160 1512 1200 1572 ut
1222 1530 1243 1572 a
1265 1506 1366 1595 juris·

315 1607 470 1694 “peritis
494 1607 672 1687 dicebatur,
700 1631 758 1695 per
781 1609 866 1674 hanc
889 1608 979 1674 viam
1000 1608 1130 1675 facilius
1161 1607 1367 1675 1consulitur
1476 1644 1480 1653 ·

315 1718 333 1744 “
357 1709 520 1776 Ecclesiae.

361 1822 379 1851 “
395 1815 490 1896 Item,
517 1817 661 1903 qualiter
686 1822 881 1903 perventum
904 1819 968 1883 suit
992 1820 1035 1883 ad
1057 1816 1142 1882 hanc
1164 1818 1262 1882 viam.
1308 1820 1365 1884 Ad

314 1927 332 1954 “
355 1913 442 2004 quod
459 1919 525 1984 fuit
551 1941 751 2006 responsum,
777 1921 854 2006 quia
881 1921 933 1984 die
955 1924 1082 1984 statuto
1109 1920 1152 1984 ad
1179 1919 1364 2007 eligendum

187 2009 194 2021 ⁸
313 2023 626 2088 “convenientibus
664 2024 700 2086 in
741 2045 853 2100 unum,
892 2022 1030 2088 recitata
1067 2022 1133 2087 fuit
1158 2021 1364 2088 Constitutio

313 2125 522 2191 “Generalis
561 2124 757 2190 Concilii-‘
774 2125 860 2205 Quia
890 2130 1024 2212 propter
1059 2124 1227 2190 diversas.'
1289 2125 1364 2205 Qua

314 2235 332 2262 “
354 2228 498 2308 recitata,
522 2233 597 2313 post
620 2230 782 2292 tractatus
797 2227 927 2292 habitos
954 2248 1051 2313 super
1074 2225 1189 2290 formis
1213 2226 1249 2290 iu
1272 2227 1363 2292 dicta

313 2329 598 2396 “Constitutione
636 2331 810 2408 contentis,
847 2329 1003 2415 quaesivit
1039 2329 1133 2394 Prior
1171 2330 1363 2394 Monasterii

313 2433 468 2498 “Sancti
506 2431 638 2511 Albani,
673 2437 772 2519 prout
810 2433 910 2497 moris
940 2438 1021 2510 erat,
1053 2453 1111 2518 per
1142 2431 1240 2517 quam
1270 2432 1361 2496 viam

309 2535 474 2622 “placuit
510 2535 557 2600 eis
594 2535 773 2620 procedere.
835 2534 909 2616 Qui,
948 2534 1061 2600 statim
1108 2533 1355 2619 respondentes,

312 2647 329 2672 “
352 2638 510 2703 dixerunt
533 2637 702 2723 perviam
725 2635 958 2723 compromissi.

356 2746 375 2775 “
391 2740 486 2816 Item,
514 2738 542 2803 si
566 2737 626 2803 hoc
652 2739 806 2824 quaesivit
831 2738 873 2803 ab
901 2736 1051 2802 omuibus
1070 2735 1107 2801 in
1121 2758 1245 2823 genere,
1270 2758 1315 2801 an
1336 2761 1359 2805 a

311 2849 330 2878 “
352 2842 489 2930 singulis
523 2842 559 2905 in
588 2841 700 2928 specie.
757 2840 813 2905 Ad
843 2839 932 2926 quod
952 2839 1018 2905 fuit
1041 2861 1242 2927 responsum,
1269 2841 1358 2926 quod

309 2951 327 2982 “
350 2947 393 3011 ab
423 2945 575 3011 omnibus
597 2943 634 3009 in
659 2964 785 3030 genere,
816 2946 851 3008 et
876 2943 990 3007 statim
1017 2947 1092 3029 post
1117 2965 1138 3006 a
1161 2942 1299 3030 singulis
1320 2943 1358 3006 in

309 3056 364 3113 “s
406 3049 462 3115 cie.

355 3071 482 3229 “pltem,
509 3151 651 3236 inquot
680 3153 715 3214 et
750 3169 832 3234 quos
868 3145 934 3211 fuit
963 3145 1241 3233 compromissum.
1300 3147 1356 3214 Ad

309 3263 327 3288 “
349 3255 437 3339 quod
451 3254 515 3319 fuit
529 3275 729 3340 responsum,
751 3250 840 3335 quod
861 3250 897 3313 iu
920 3270 1048 3327 novem,
1063 3270 1202 3334 quorum
1218 3250 1356 3315 nomina

308 3366 326 3391 “
347 3357 511 3421 habentur
525 3356 560 3419 in
576 3355 717 3440 quedam
740 3352 851 3417 littera
866 3373 963 3437 super
978 3350 1048 3417 haec
1063 3352 1218 3428 confecta,
1246 3353 1355 3441 sigillo

308 3469 325 3494 “
348 3457 495 3545 Capituli
518 3457 670 3545 sigillata.

352 3568 370 3597 “
387 3560 483 3640 Item,
509 3559 538 3623 si
561 3559 619 3623 isti
644 3578 763 3621 novem
784 3554 974 3642 hujusmodi
996 3556 1273 3642 compromissum,
1296 3579 1354 3622 seu

308 3674 326 3699 “
349 3666 546 3751 potestatem
569 3658 719 3748 eligendi,
743 3656 808 3724 sibi
831 3657 1046 3738 commissam,
1073 3661 1262 3723 reverenter
1285 3680 1354 3724 sus-

307 3776 325 3801 “
348 3769 511 3853 ceperunt
556 3762 611 3827 Ad
633 3761 721 3847 quod
744 3760 810 3824 fuit
833 3781 1031 3846 responsum,
1055 3760 1143 3845 quod
1165 3759 1218 3825 sic.

351 3877 368 3903 “
384 3868 479 3946 Item,
496 3866 525 3931 si
549 3864 664 3930 statim
684 3867 757 3948 post
781 3861 970 3947 hujusmodi
990 3865 1189 3948 potestatem
1216 3863 1280 3927 sibi
1302 3868 1352 3928 at-

308 3979 325 4008 “
349 3971 517 4049 tributam,
534 3972 568 4032 et
582 3967 624 4031 ab
638 3965 717 4052 ipsis
739 3969 928 4029 reverenter
947 3969 1138 4050 susceptam,
1164 3965 1204 4028 de
1220 3965 1352 4031 Abbotc

305 4081 323 4109 “
346 4074 507 4148 defuncto
537 4071 736 4134 secesserunt
758 4068 794 4130 in
820 4070 959 4152 partem.
1020 4066 1075 4129 Ad
1102 4068 1190 4151 quod
1213 4067 1279 4135 fuit
1302 4089 1351 4132 re·

306 4187 322 4210 “
345 4197 508 4264 sponsum,
531 4172 619 4259 quod
642 4172 695 4234 sic.
1429 4256 1435 4268 .

350 4289 365 4313 “
382 4280 478 4356 Item,
503 4297 568 4362 quo
592 4274 628 4338 iu
661 4273 729 4337 loco
752 4270 948 4360 tractabant.
1002 4270 1056 4335 Ad
1089 4271 1176 4356 quod
1206 4271 1271 4336 fuit
1300 4294 1350 4337 re-

306 4392 324 4418 “
347 4403 510 4468 sponsum,
532 4377 620 4465 quod
646 4376 681 4440 iu
706 4373 840 4459 Capella
862 4373 1029 4458 quondam
1053 4373 1173 4460 Rogeri
1196 4373 1347 4439 Abbatis.

668 4619 853 4669 *mautarn
865 4618 935 4670 MS.-
