3038 5452
422 743 636 792 nouissima
658 743 779 795 susum
804 743 939 794 simui.
1141 732 1204 795 341

159 935 178 963 “
201 935 288 995 retro
312 929 447 995 filerunt
472 930 673 994 deservitio
698 930 854 1016 praedicio
880 930 934 996 die
964 930 1206 1017 impetrationis
1238 938 1356 1002 Mimas,

155 1037 176 1064 “
199 1031 308 1096 brevis
329 1032 390 1109 sui,
412 1031 573 1109 videlieet,
597 1037 711 1097 octavo
734 1033 786 1097 die
810 1032 990 1112 Februarii,
1004 1055 1092 1099 anno
1113 1035 1206 1120 regni
1243 1007 1341 1133 ffit,

158 1139 177 1167 “
199 1133 298 1220 Regis
320 1134 478 1198 Edwardi
500 1156 588 1199 nuno
617 1134 796 1212 undecimu,
819 1141 853 1200 et
887 1136 927 1200 de
959 1157 1079 1202 novem
1110 1137 1205 1201 annis
1262 1138 1330 1189 M>-

156 1243 174 1270 “
197 1235 335 1322 elapsis3
358 1242 392 1302 ei
413 1237 607 1323 praedictum
629 1238 831 1324 mesuagium
853 1238 918 1304 fuit
950 1239 1206 1326 indistringibils
1237 1208 1357 1310 ¹³5⁴&

158 1339 257 1423 “per
290 1361 393 1403 unum
426 1361 551 1404 annum
579 1345 612 1404 et
647 1361 749 1404 unum
773 1340 879 1419 diem3
901 1341 987 1426 peut
1013 1341 1206 1430 praediotum

157 1446 177 1473 ‘⁴
198 1441 411 1527 mesuagium,
442 1463 515 1506 cum
544 1441 762 1528 pertinentiis,
797 1447 956 1528 ianqusm
994 1443 1207 1530 gavelettum

158 1548 177 1576 “
200 1544 380 1608 seeundum
396 1544 667 1627 consuetudinem
683 1543 841 1610 civitatis
856 1552 887 1611 et
902 1552 1025 1611 coeteuu.
1057 1546 1104 1610 Et
1118 1546 1206 1631 quod

157 1653 174 1678 “
197 1645 265 1711 tale
298 1646 342 1710 sit
368 1648 424 1733 jus
456 1669 561 1725 suum,
583 1651 618 1712 ei
641 1646 783 1712 ecclesiae
817 1669 886 1713 suae
908 1649 1086 1734 praediciae,
1111 1649 1206 1714 offert

156 1753 174 1782 “
197 1753 371 1814 sicaetera.
807 1748 808 1751 ’

202 1854 221 1883 “
244 1850 290 1915 Et
313 1850 462 1936 praedicti
485 1851 508 1915 J
511 1851 656 1916 ohannes
679 1855 713 1916 ei
741 1851 843 1916 Lucia
872 1853 1014 1917 veniunt
1037 1857 1071 1916 et
1095 1852 1204 1918 defen-

157 1957 174 1984 “
199 1951 284 2016 dunt
302 1953 358 2038 jus
380 1953 531 2039 praedicti
553 1954 705 2030 nubatis,
722 1958 756 2018 ei
779 1953 920 2018 ecclesiae
943 1975 1010 2018 suae
1030 1955 1203 2039 praediciae.

155 2063 173 2088 “
196 2053 243 2118 Et
265 2054 380 2119 dicunt
403 2055 490 2140 quod
512 2055 707 2141 praediebum
721 2057 933 2142 mesuagium,
950 2077 1024 2120 cum
1039 2057 1205 2141 pertinen·

157 2164 173 2189 “
196 2156 262 2235 tiis,
285 2179 351 2221 non
375 2162 507 2222 tenetur
529 2157 570 2221 de
592 2156 750 2243 praedicio
773 2156 914 2237 Abbste,
938 2163 973 2222 sb
988 2158 1121 2223 ecclesis
1146 2180 1206 2224 sus

155 2267 173 2292 ⁴‘
195 2258 362 2344 praedicis‚
394 2281 452 2344 per
482 2258 654 2323 servitium
685 2258 907 2346 piaedictum;
937 2281 996 2324 nec
1027 2260 1205 2346 praedicsus

157 2368 175 2394 ‘⁴
199 2360 360 2425 Ricardus
383 2362 423 2425 de
446 2360 674 2447 Wslyngiord,
697 2361 912 2447 praedecessor
934 2362 1032 2426 istius
1054 2362 1205 2438 Abbatis,

154 2471 174 2496 ‘¹
198 2462 265 2527 fuit
287 2463 418 2528 ssisitus
441 2463 482 2527 de
504 2462 638 2527 redditu
661 2462 820 2549 praedicto
842 2485 901 2549 per
922 2484 1040 2528 manus
1055 2465 1205 2550 praediuii

156 2574 174 2600 “
199 2564 357 2630 Willelmi
381 2566 421 2629 ds
444 2564 605 2639 Nortone‚
629 2565 715 2628 sicut
737 2563 826 2630 idem
848 2563 964 2630 Abbus
987 2586 1102 2631 versus
1117 2567 1204 2654 ipsus

155 2675 173 2701 “
196 2668 368 2747 narravit3
392 2672 426 2732 et
447 2666 508 2731 hoc
531 2672 653 2753 petunt
675 2667 764 2752 quod
778 2667 968 2752 inquiratur
988 2690 1048 2756 per
1062 2670 1204 2756 patrium

157 2778 174 2840 “.
197 2775 227 2834 et
249 2776 373 2834 autera.
419 2768 466 2832 Et
487 2769 664 2854 praedictus
686 2768 800 2834 Abbus
816 2769 976 2835 similiter.
1022 2770 1102 2837 Ideo
1117 2794 1202 2836 sum-

153 2879 171 2908 “
194 2877 365 2936 moneatur
386 2872 496 2956 patria
517 2878 547 2934 ut
569 2877 691 2934 coetera.

201 2980 218 3008 “
242 2972 368 3050 Postea,
395 2973 589 3037 continuato
609 2993 763 3058 processu
784 2973 874 3038 inter
895 2978 1008 3059 partes
1029 2975 1203 3059 praedietus

156 3085 174 3111 “
196 3097 299 3162 usque
329 3076 371 3140 sd
403 3073 538 3140 Curium
568 3079 697 3139 tentam
727 3075 780 3139 die
811 3075 914 3140 Lunae
944 3075 1096 3161 proximu
1125 3080 1203 3141 anis

156 3188 173 3212 ‘¹
197 3177 334 3244 Festum
350 3177 482 3243 Sanciae
498 3177 695 3262 Margareiae
712 3176 868 3262 Virginis,
885 3198 972 3241 anno
987 3176 1080 3264 regni
1103 3178 1203 3264 Regis

156 3289 173 3316 “
196 3279 353 3346 Edwardi
375 3301 471 3356 nunc,
488 3279 592 3343 Tertii
615 3285 690 3365 post
714 3279 958 3365 Conquaestum,
974 3278 1091 3365 quinto
1118 3279 1202 3345 deei-

155 3390 173 3420 “
196 3405 260 3462 mu,
281 3386 445 3448 venerunt
467 3387 577 3467 paries
598 3381 773 3467 praedictae,
789 3388 824 3447 eb
842 3382 946 3467 jurati
970 3380 1129 3460 similimr,
1144 3403 1203 3469 per

154 3494 173 3519 “
196 3483 355 3551 Thomsm
381 3484 422 3548 de
453 3482 669 3548 Cornswsille
696 3489 731 3548 et-
760 3483 841 3549 slios
870 3484 907 3548 in
936 3482 1073 3570 panello.
1136 3484 1202 3563 Qui

153 3596 173 3625 “
195 3587 320 3664 dicunt,
351 3607 449 3672 super
484 3590 725 3651 sacramentum
755 3607 861 3664 suum,
888 3586 978 3672 quod
1007 3586 1201 3670 praedicium

154 3698 173 3727 ·‘
194 3690 408 3776 mesuagium,
438 3710 513 3753 cum
537 3689 756 3774 pertinentiis,
787 3694 921 3755 teneiur
945 3690 985 3753 de
1014 3688 1102 3754 dicto
1132 3689 1201 3753 Ab·

155 3800 173 3829 “
195 3792 283 3870 bute,
299 3798 333 3856 et
353 3791 485 3857 ecclesia
503 3813 563 3855 suu
578 3790 694 3856 Sancti
708 3791 840 3868 Albani,
856 3813 914 3878 per
931 3790 1103 3856 servitium
1118 3812 1200 3877 prae·

155 3904 172 3929 “
195 3895 357 3960 diciorum
380 3894 490 3958 decem
513 3893 692 3957 solidorum
714 3914 773 3978 per
795 3915 926 3958 annum.

198 4005 217 4031 “
240 3996 321 4062 Ideo
343 3995 583 4061 consideratum
599 4000 658 4072 est,
674 3994 762 4079 quod
784 3995 959 4081 praediuius
982 3995 1095 4059 Abbus
1109 4010 1354 4060 recu-veruictin

154 4106 173 4134 “
195 4104 289 4185 peret
314 4120 428 4162 versus
455 4097 628 4183 praedietos
658 4097 844 4161 Johannem
876 4098 916 4162 de
948 4097 1134 4161 Godestone
1165 4077 1358 4194 eisssffigt·

155 4210 172 4235 “
195 4201 339 4281 Luciam,
348 4221 484 4264 uxorem
496 4199 574 4284 ejus,
586 4199 779 4283 praedietum
791 4199 1001 4285 mesuagium,
1014 4221 1087 4263 eum
1098 4199 1199 4284 perti-

154 4313 171 4338 “
193 4303 327 4382 nuntiis>
338 4325 396 4390 per
407 4324 510 4366 unum
526 4303 693 4366 annum'et
704 4323 808 4365 unum
821 4303 916 4381 diem,
929 4307 1088 4386 tanquam
1102 4322 1200 4386 gave·

156 4417 172 4496 ‘J
196 4407 325 4483 latium,
337 4406 515 4477 secundum
531 4403 844 4488 ¹[00nsuetudinem]
859 4403 1015 4468 Civitatis
1031 4409 1060 4467 et
1076 4410 1198 4481 autera,

156 4572 323 4582 ....--.-.—.-

570 4650 576 4682 ¹
588 4649 699 4701 Omitted
710 4648 735 4697 iu
747 4647 802 4698 MS.
