3038 5452
398 739 607 790 uonisraan
629 737 750 788 sinen
773 735 909 787 arinini.
1136 718 1201 788 397

201 931 378 996 Ordinavit
404 937 440 996 et
461 931 527 996 alia
552 931 659 995 multa
684 929 720 994 in
743 928 864 994 eisdem
889 925 1201 1002 Constitutionibua
1230 930 1349 987 Thomas.

155 1038 192 1099 et
224 1033 422 1119 quibusdam
456 1034 529 1098 aliis
565 1038 682 1120 expost
714 1051 774 1118 per
807 1052 883 1096 eum
916 1029 1039 1109 editis;
1071 1028 1202 1113 ·quibus
1248 996 1341 1114 ἓξὲξ,

155 1136 370 1202 existimabat
391 1135 572 1202 Dominum
594 1134 726 1223 placari,
750 1133 813 1199 Dei
836 1132 1010 1198 servitium
1040 1130 1202 1217 ampliari,
1235 1129 1349 1247 lama

155 1241 193 1304 et
220 1238 368 1304 subditos
398 1238 433 1302 in
461 1238 551 1303 omni
581 1237 780 1322 perfectione
809 1234 931 1300 instrui
957 1238 993 1299 et
1015 1232 1202 1299 confirmari
1259 1232 1357 1302 -“

155 1360 257 1427 pom
1215 1343 1370 1459 dindhaiircddin

1216 1475 1365 1554 hiaConeti·

1215 1549 1315 1595 lunone.

157 1649 206 1715 De
228 1649 443 1716 mdiaatioiw
461 1647 610 1737 pamelii
626 1649 806 1716 camena·
820 1648 982 1727 Ataia)
1003 1645 1203 1735 piscimam

292 1760 505 1818 coricciuiante
527 1751 763 1818 relevationem
786 1751 845 1816 sai
870 1751 1070 1819 Consecutus.

202 1899 333 1966 Interea
356 1899 473 1965 videns
495 1898 637 1964 Thomas
663 1897 777 1963 Abbas
803 1897 1023 1983 indigentiam
1054 1896 1204 1963 Conven·
1217 1901 1332 1980 flendus

156 2005 213 2067 tus
245 2001 306 2079 sui,
338 2007 373 2067 et
403 2002 451 2068 rei
482 2000 653 2066 familiaris
686 1999 867 2087 penuriam,
900 2006 968 2065 tam
1000 2020 1059 2086 pro
1091 2020 1204 2064 eorum
1216 1968 1372 2085 {⁸333

156 2103 360 2170 relevatione
387 2125 487 2189 qnam
513 2102 632 2190 quiete,
656 2103 778 2167 statuit
804 2107 931 2189 partem
958 2123 1070 2166 eorum
1091 2100 1204 2166 melio·
1217 2100 1371 2152 soractae

156 2228 238 2284 rare,
263 2213 303 2272 ut
323 2207 361 2271 in
383 2205 558 2272 esculentis
581 2210 615 2270 et
645 2204 828 2291 poculentis
852 2204 992 2285 uberius,
1015 2202 1148 2281 lautius,
1170 2210 1204 2268 et
1216 2168 1358 2285 {sim}

157 2308 367 2386 laudabilius,
382 2308 563 2373 serviretur
585 2307 715 2387 eisdem,
734 2307 891 2392 adjiciens
914 2305 1066 2392 quaedam
1081 2305 1204 2392 praedia
1215 2301 1336 2419 ggdflffi

157 2413 247 2498 parti
270 2410 474 2491 Conventus,
497 2417 531 2475 et
553 2409 725 2475 remittens
748 2409 908 2495 quaedam,
925 2430 999 2494 quae
1014 2407 1146 2494 quidam
1164 2409 1203 2473 de
1216 2435 1298 2486 enak.

157 2513 227 2578 suis
256 2511 547 2599 praedecessoribus
577 2511 835 2576 vendicaverant
866 2511 908 2576 ab
940 2511 1085 2589 eisdem;
1120 2510 1205 2575 unde

158 2637 235 2702 pars
251 2614 444 2681 Conventus
459 2613 689 2700 multipliciter
707 2613 919 2693 melioratum
941 2621 1042 2701 prout
1056 2618 1150 2699 patet
1170 2613 1206 2676 in

159 2717 367 2782 ordinatione
395 2739 494 2801 quam
524 2715 602 2781 fecit
632 2715 672 2780 de
703 2715 763 2796 hac
792 2716 933 2780 materia
955 2737 1043 2781 anno
1070 2715 1207 2781 Domini

159 2818 333 2884 millesimo
373 2818 603 2884 trecentesimo
634 2817 837 2904 sexagesimo
869 2817 979 2896 tertio,
1018 2817 1107 2881 infra
1137 2817 1206 2894 boo,

159 2920 456 3007 ²quinquagesimo
472 2920 577 3006 primo
592 2918 677 2994 folio,
694 2927 728 2985 et
743 2921 878 2994 caeteris,
894 2920 1022 3006 plenius
1037 2926 1206 2985 annotata

160 3209 211 3274 Dc
225 3208 443 3275 minatione
454 3207 597 3295 prefati
611 3207 752 3273 abacia
766 3208 999 3274 'commodam
1012 3217 1043 3276 ct
1060 3209 1209 3276 laicata

229 3319 293 3378 mm
302 3311 472 3377 sociorum
481 3310 666 3376 Prioratus
680 3310 720 3375 de
735 3309 988 3391 ‘Reddeturne
998 3320 1028 3378 et
1038 3312 1205 3378 semorum

229 3413 325 3479 inibi
348 3413 646 3487 contranitentibus,
668 3411 909 3497 multipliciter
930 3423 1152 3482 coricernenta

206 3577 336 3665 Spiritu
359 3579 478 3644 ductus
505 3580 648 3665 pietatis,
672 3579 751 3644 fecit
776 3585 812 3644 et
841 3580 941 3644 aliam
966 3582 1208 3648 ordinationem
1222 3612 1328 3662 Hearso

161 3701 221 3767 pro
237 3680 413 3747 Conventa
428 3703 496 3758 suo,
511 3687 546 3746 et
568 3681 633 3746 biis
654 3682 837 3768 praesertim
853 3684 911 3768 qui
927 3705 1057 3750 cursum
1073 3687 1210 3773 capiunt
1221 3678 1376 3794 ffiffle

88 3852 93 3861 ,
160 3783 204 3846 ad
234 3782 457 3861 Redbnrnam,
500 3805 560 3870 pro
595 3805 735 3869 qnorum
769 3787 1012 3852 sustentatione
1050 3788 1134 3851 nihil
1167 3788 1209 3851 ab
1222 3809 1376 3860 meoniae

162 3886 299 3970 antiquo
337 3884 582 3971 providebatur,
610 3886 675 3951 nisi
708 3893 808 3972 prout
836 3887 873 3951 in
907 3887 1006 3953 domo
1033 3890 1079 3953 eis
1101 3877 1360 3992 fueratffi‘ffi·

162 3986 387 4068 deservitum3
426 3993 460 4053 et
482 3989 530 4053 ita
552 3987 593 4052 de
615 3987 728 4053 eodem
762 3989 897 4055 servitio
931 3989 1054 4054 ibidem
1088 3990 1211 4055 eisdem
1223 4008 1342 4073 inguen

162 4089 271 4155 fuerat
293 4090 525 4155 ministratum.
573 4089 674 4154 Unde
695 4090 814 4155 fiatres
835 4091 959 4156 ibidem
987 4112 1115 4178 semper
1143 4113 1211 4158 mo·

219 4286 223 4290 ,
245 4285 279 4292 .-
327 4286 367 4291 w...
404 4284 484 4292 ..-.-
506 4286 524 4291 ...
548 4285 618 4291 »..-...
633 4285 687 4291 -ηκ
707 4286 815 4291 .,„...—i
859 4287 869 4291 .<
901 4286 1032 4292 ,.-..,-.--
1066 4286 1145 4293 .--—..

200 4392 286 4442 ¹eunnr
313 4393 335 4443 is
362 4393 470 4445 inserted
496 4393 579 4444 before
613 4394 662 4445 this
745 4394 992 4445 ³comoclaminMS.

165 4474 248 4532 vord3
265 4473 391 4538 evidently
402 4473 428 4523 in
438 4488 514 4524 error.
747 4475 758 4505 ⁴
769 4467 846 4523 reafi
859 4475 884 4524 in
896 4474 952 4524 MS.

197 4552 289 4603 '²Folio
304 4555 384 4602 anob.
398 4552 428 4600 of
438 4553 481 4603 the
494 4559 592 4616 present
608 4553 664 4602 MS.
