3038 5452
324 632 389 703 ⁶278
701 648 807 699 orara
828 647 991 700 aneareu

156 845 318 907 Biehmffl,
329 839 347 866 “
368 841 477 892 ‘eausa
493 836 634 907 captionis
652 835 800 908 praedictae
821 835 981 893 redderetis
1000 838 1150 903 certiores,
1171 843 1202 893 et
1220 855 1273 893 vos
1290 838 1383 893 nobis

230 982 264 1028 b⁰
329 1011 348 1036 “
368 1013 376 1035 ‘
389 1009 467 1064 dicta
478 1010 661 1081 mesuagium
671 1015 701 1063 et
710 1015 832 1073 terram;
846 1009 898 1064 sed
911 1009 989 1080 quod
1001 1009 1147 1065 Bobertus
1157 1009 1194 1065 de
1202 1008 1381 1074 Holevelle,

388 1111 480 1162 nuper
491 1094 629 1149 Escaeter
641 1099 740 1148 noster
748 1094 779 1147 in
789 1092 937 1148 Comitatu
947 1093 1126 1148 Herttordiae
1139 1099 1164 1147 ct
1176 1099 1284 1158 coetera,
1298 1095 1382 1149 inter

203 1210 271 1222 --
369 1179 448 1233 ‘alia
460 1178 596 1233 liberavit
606 1177 690 1232 nobis
708 1195 761 1248 per
779 1195 865 1231 unam
877 1177 1061 1232 indenturam
1079 1195 1171 1232 uuum
1189 1179 1382 1249 mesuagium

328 1264 347 1287 “
369 1264 421 1317 ‘et
448 1263 575 1334 quinque
593 1280 675 1316 aeras
695 1268 780 1316 terrae
799 1260 917 1325 ibidem,
945 1279 1078 1316 asserens
1104 1279 1220 1316 eaesae
1238 1262 1270 1316 in
1287 1279 1381 1318 manu

329 1348 347 1371 “
369 1348 489 1401 ‘nostra
506 1346 617 1400 ratione
635 1344 877 1415 transgressionis
897 1363 985 1415 quam
1002 1345 1102 1400 Abbas
1121 1344 1381 1403 westmonasterii

329 1432 349 1456 “
370 1432 377 1456 ⁶
391 1431 469 1491 fecit,
482 1428 657 1500 acquirendo
676 1446 710 1482 ea
728 1428 764 1482 de
776 1428 890 1482 Abbate
903 1428 939 1482 de
954 1428 1059 1484 Sancto
1072 1427 1186 1482 Albano
1205 1429 1268 1483 sine
1285 1428 1381 1484 licen·

330 1516 349 1539 “
370 1514 434 1568 ‘tia
460 1520 574 1568 nostra:
603 1531 636 1566 ac
666 1511 861 1583 postmodum,
891 1530 926 1566 ex
956 1520 1038 1583 parte
1063 1513 1187 1568 Abbatis
1212 1512 1248 1566 de
1270 1513 1382 1569 Sancto

330 1600 348 1623 “
369 1596 502 1651 ‘Albano
529 1595 702 1666 accipientes
726 1596 804 1666 quod
828 1596 891 1667 ipse
913 1597 1098 1667 mesuagium
1119 1602 1149 1651 et
1167 1604 1278 1651 terram
1302 1615 1383 1668 prm-

329 1682 349 1706 “
370 1680 508 1744 ‘dictam
535 1685 664 1750 tempore
689 1678 830 1750 captionis
855 1679 1012 1734 eorundem
1041 1679 1071 1734 in
1092 1697 1210 1734 manum
1234 1686 1381 1746 nostram,

329 1767 349 1790 “
368 1764 491 1828 ‘tenuit
518 1763 639 1834 ipseque
660 1768 689 1817 et
719 1762 948 1834 praedecessores
974 1763 1028 1827 sui,
1054 1763 1183 1818 Abbates
1212 1763 1271 1818 loci
1301 1782 1382 1835 prae·

329 1851 348 1875 “
369 1848 469 1912 ‘dicti,
493 1847 594 1902 eadem
606 1848 758 1917 mesuagia
777 1853 807 1901 et
826 1853 945 1912 terram,
967 1866 984 1901 e
1002 1854 1132 1918 tempore
1157 1866 1215 1918 quo
1233 1848 1383 1905 memoria

327 1934 346 1958 “
368 1934 446 1986 ‘non
464 1931 571 1994 existit,
584 1935 749 1993 tenuerunt,
770 1930 880 2001 absque
901 1931 1073 1986 alienatione
1092 1929 1159 1984 inde
1177 1931 1299 2002 praeiato
1318 1932 1382 1986 Ab·

326 2020 346 2042 ‘⁶
367 2017 449 2071 ‘bati
482 2014 745 2079 westmonasterii,
775 2032 827 2068 seu
856 2015 944 2070 elicui
975 2015 1035 2078 alii,
1073 2014 1139 2069 inde
1171 2014 1259 2080 iacta,
1292 2016 1381 2072 vobis

326 2103 345 2126 “
366 2099 621 2154 ‘mandaverimus
641 2097 719 2167 quod
743 2115 796 2169 per
815 2105 1028 2153 sacramentum
1046 2098 1219 2171 diligentem
1238 2100 1381 2156 faceretis

325 2185 343 2210 “
365 2182 614 2252 ‘inquisitionem
635 2180 661 2234 si
680 2181 819 2251 praefatus
843 2181 943 2235 Abbas
962 2181 1218 2237 westmonasterii
1235 2183 1383 2253 praedicta

326 2269 345 2292 “
367 2265 573 2335 ‘mesuagium
597 2269 627 2318 et
651 2272 761 2318 terram
779 2264 815 2318 de
840 2265 980 2337 praedicto
1004 2267 1118 2321 Abbate
1138 2267 1173 2321 de
1200 2266 1300 2322 Sancti
1326 2269 1383 2324 Al·

326 2353 345 2376 ‘⁴
368 2350 464 2404 ‘bano
488 2347 672 2418 adquisierit,
701 2365 808 2412 necne;
842 2354 872 2403 et
890 2349 916 2404 si
947 2350 998 2412 sic,
1020 2356 1089 2405 tune
1121 2368 1178 2420 quo
1196 2356 1329 2423 tempore
1356 2359 1383 2408 et

325 2437 344 2462 ‘⁴
365 2436 495 2497 ‘cetere
516 2430 601 2486 etde
626 2449 692 2504 quo,
716 2430 764 2485 vel
782 2431 818 2485 de
843 2432 959 2502 quibus,
980 2434 1121 2505 praedicta
1140 2436 1328 2507 mesuagium
1352 2444 1384 2492 et

327 2520 346 2544 ⁴‘
368 2520 470 2571 ‘terra
487 2521 650 2579 teneantur,
671 2521 700 2570 et
720 2533 773 2586 per
792 2514 870 2584 quod
889 2516 1043 2571 servitium
1068 2523 1094 2571 et
1112 2523 1219 2582 cetere,
1241 2526 1271 2574 et
1289 2538 1382 2591 quan·

327 2602 346 2626 ‘⁴
368 2604 375 2626 ⁶
388 2606 450 2655 tum
461 2599 578 2654 valeant
589 2617 641 2670 per
650 2616 767 2662 annum,
779 2603 804 2652 et
813 2604 920 2654 cetera.
945 2600 989 2655 Ao
999 2602 1062 2672 jam
1073 2620 1126 2672 per
1138 2602 1379 2672 inquisitionem,

327 2687 347 2711 ‘⁶
369 2687 443 2756 ‘per
454 2700 507 2738 vos
525 2683 561 2736 de
580 2681 716 2737 mandato
735 2688 834 2737 nostro
848 2684 964 2748 factam,
980 2691 1009 2740 et
1027 2685 1058 2739 in
1077 2685 1260 2741 cancellaria
1277 2695 1383 2744 nostra

279 2763 283 2773 '
327 2772 346 2796 “
366 2772 573 2829 ‘retomatam
603 2766 643 2820 sit
667 2772 847 2837 compertum
876 2768 954 2837 quod
989 2767 1087 2824 Abbas
1121 2771 1381 2828 westmonasterii

327 2854 346 2878 ‘⁴
367 2854 374 2878 ‘
389 2850 471 2906 nullo
483 2855 612 2919 tempore
625 2849 786 2919 adquisivit
798 2848 956 2904 deAbbete
969 2851 1005 2905 dc
1020 2851 1127 2907 Sancto
1138 2853 1252 2908 Albano
1262 2873 1382 2913 mesua-

327 2939 346 2962 “
367 2936 473 3007 ‘gium
492 2941 523 2988 et
541 2939 649 2989 terram
661 2933 817 3004 praedicta3
838 2934 889 2987 sed
909 2934 985 3005 quod
1004 2935 1082 2989 idem
1095 2935 1193 2992 Abbas
1212 2938 1248 2992 de
1269 2938 1380 2996 Sancto

326 3023 345 3047 “
367 3020 501 3074 ‘Albano
526 3017 712 3088 mesuagium
731 3023 761 3071 et
785 3023 891 3071 terram
916 3018 1066 3089 predicta,
1090 3027 1120 3074 et
1144 3021 1378 3092 praedecessores

326 3108 345 3131 “
366 3105 444 3169 ⁴sui,
471 3102 599 3157 Abbetes
625 3101 681 3155 loci
706 3100 797 3164 iilius,
825 3101 926 3154 eadem
951 3103 1133 3172 mesuagium
1159 3110 1189 3160 et
1210 3111 1329 3170 terram,
1360 3128 1380 3164 a

325 3192 345 3214 ‘⁴
366 3194 373 3215 ‘
387 3195 518 3258 tempore
538 3206 595 3259 quo
608 3184 750 3240 memoria
761 3203 819 3238 non
833 3185 941 3247 existit,
956 3192 1122 3252 tenuerunt,
1143 3189 1253 3260 absque
1267 3191 1378 3248 aliena·

325 3276 344 3298 '⁴
366 3273 465 3327 ‘tione
485 3271 551 3325 inde
576 3270 697 3342 praefato
718 3269 826 3324 Abbati
851 3268 1113 3335 westmonasterii,
1134 3291 1187 3327 seu
1204 3274 1294 3329 alicui
1312 3277 1378 3339 alii,

326 3358 345 3381 ‘⁴
367 3355 456 3410 ‘inde
481 3352 696 3408 factm-vobis
726 3353 898 3406 mandamus
928 3353 1007 3423 quod
1038 3373 1156 3409 manum
1181 3363 1311 3412 nostram
1336 3360 1376 3414 de

326 3441 345 3463 “
367 3438 539 3508 ‘mesuagio
557 3443 587 3490 et
604 3443 685 3490 terra
711 3436 870 3507 praedictis,
891 3437 916 3490 si
938 3455 973 3491 ea
997 3438 1032 3491 de
1054 3457 1153 3503 causa,
1173 3447 1204 3494 et
1226 3461 1284 3496 non
1303 3444 1375 3510 alia,

326 3523 345 3548 “
366 3521 419 3575 ‘in
437 3538 525 3575 manu
542 3525 641 3575 nostra
654 3519 791 3584 existunt,
805 3518 1000 3586 2emoventes,
1015 3540 1067 3577 ros
1085 3523 1210 3579 ulterius
1230 3527 1297 3581 inde
1316 3547 1375 3583 non

326 3608 345 3631 “
367 3604 606 3668 ‘intromittatis3
636 3603 741 3668 exitus,
769 3604 891 3675 siquos
920 3605 987 3660 inde
1018 3609 1223 3680 perceperitis,
1249 3612 1376 3681 praefato

326 3692 345 3716 “
366 3687 495 3742 ‘Abbati
532 3687 567 3741 de
599 3687 706 3742 Sancte
738 3687 853 3742 Albano
883 3688 999 3761 integre
1032 3692 1232 3748 restituentes.
1287 3696 1377 3752 Teste

324 3775 344 3799 “
365 3772 508 3841 ‘meipso,
534 3770 611 3840 apud
641 3771 759 3824 Turrim
783 3770 1009 3836 Londoniarum‚
1042 3775 1182 3831 vicesimo
1206 3777 1253 3833 die
1287 3779 1372 3847 Maii,

325 3860 344 3884 “
365 3858 462 3911 ‘anno
480 3857 563 3924 regni
588 3855 680 3908 nostri
699 3854 893 3909 duodecimo’
908 3856 924 3878 ’'

355 4116 362 4145 ¹
375 4115 529 4181 desaevitis
546 4114 571 4162 in
583 4114 637 4164 MS.
841 4119 846 4185 Ι
893 4121 1069 4170 ‘³ummereetes·
1081 4124 1107 4172 in
1120 4127 1175 4175 tiss.
