3038 5452
326 738 539 813 uorssrnau
563 737 684 787 sencrr
707 733 842 785 sanam.
1045 722 1110 787 313

110 925 239 990 Statuit
259 925 402 1011 insuper,
418 930 457 988 ut
479 944 595 988 verum
620 921 765 986 valorem
789 920 978 1007 portionum
992 942 1112 986 memo·
1140 928 1258 991 Michacl,

64 1032 222 1107 ratarum,
237 1027 284 1094 sic
310 1049 369 1114 per
390 1026 494 1093 dictos
515 1024 642 1091 Priores
666 1023 882 1106 collectarum,
897 1023 998 1111 alicui
1018 1023 1112 1088 fratri
1150 995 1248 1124 *iffi

66 1129 287 1218 persolverent
309 1130 352 1196 ad
383 1129 465 1195 duos
490 1128 569 1195 anni
594 1126 775 1209 terminos;
804 1126 965 1207 videlicet,
997 1125 1111 1192 Sancti
1168 1128 1238 1180 Μ).

67 1232 236 1300 Michaelis
251 1243 285 1299 et
300 1233 433 1299 Paschae
447 1257 455 1311 ;
470 1231 537 1318 qui,
555 1229 657 1316 juxta
674 1234 823 1295 tenorem
847 1229 983 1317 Regula
998 1228 1112 1294 Sancti
1144 1199 1267 1306 ¹³³5&

66 1336 248 1414 Benedicti,
271 1336 430 1404 fratribus
444 1335 523 1401 inde
545 1332 726 1399 necessaria
749 1331 952 1423 indumenta,
969 1336 1004 1397 et
1017 1354 1112 1420 regu·
1124 1329 1193 1383 Such
1204 1342 1273 1445 ’Ὗ

64 1439 157 1518 laria,
179 1438 379 1505 minstraret.
1125 1398 1281 1580 &cline

834 1539 836 1545 ¹
1125 1547 1141 1581 0
1190 1546 1205 1581 Θ

1126 1596 1251 1661 emma,

1126 1665 1208 1729 torpa
1226 1691 1237 1702 -

71 1728 117 1797 Ut
138 1720 251 1800 'arella'
287 1733 532 1802 monachorum
561 1733 786 1822 proscaeirmc'o
822 1734 944 1802 Sancti
980 1680 1245 1864 Altomiffigffiinl’g
1256 1797 1288 1850 or*

147 1836 244 1922 ficret
260 1844 498 1923 procuratores
523 1836 674 1923 clmajac
702 1837 872 1916 acerdoti,
890 1836 1013 1926 1[είυο]
1044 1859 1114 1904 coc-
1127 1864 1259 1914 memem-

157 1947 292 2020 oatorcs,
316 1940 391 2006 airrc
413 1939 554 2008 ltcertc'o
575 1939 718 2007 Abbotc’c
739 1939 869 2007 itidem
890 1940 1038 2028 marioli.
1126 1931 1189 1981 bem.

113 2099 285 2167 Statutum
308 2108 359 2168 est
380 2125 439 2189 per
461 2104 600 2169 eundem
624 2103 797 2182 Abbatem,
819 2107 858 2169 ut
880 2103 991 2168 nullus
1013 2103 1115 2181 Prior,
1128 2125 1184 2177 Tho
1197 2125 1284 2177 Priore

68 2224 129 2269 seu
150 2203 272 2291 aliquis
286 2204 373 2271 alius
389 2204 668 2283 obedientiarius,
683 2206 745 2272 sub
766 2229 865 2294 poena
886 2206 1115 2284 anathematio,
1128 2193 1262 2310 {¹3¹¹ssAEssth

69 2305 224 2373 deveniat
253 2307 441 2394 aliqualiter
470 2312 671 2394 procurator,
696 2308 766 2373 sive
795 2315 951 2391 executor
979 2307 1116 2394 alicujus
1128 2325 1271 2376 amentor·

68 2409 229 2488 defuncti,
244 2410 299 2474 vel
313 2410 527 2495 quovismodo
543 2410 700 2498 suscipiat
716 2410 856 2476 officium
872 2409 1010 2497 alicujus
1024 2434 1116 2477 man-
1128 2392 1258 2510 {mm

69 2510 139 2576 dati
173 2511 264 2599 regii,
294 2512 365 2578 sine
396 2512 575 2578 deliberato
605 2512 748 2590 consilio,
777 2513 832 2578 vel
862 2534 1018 2579 consensu
1048 2514 1117 2579 Aa
1129 2534 1240 2590 procare

69 2613 156 2679 batis
178 2614 250 2694 sui3
285 2614 364 2700 quia
393 2614 696 2700 experimentaliter
726 2614 853 2694 didicit,
877 2616 966 2703 quod
996 2616 1116 2682 exinde
1129 2607 1265 2720 ffiffl'o

71 2737 190 2803 magna
212 2717 364 2803 pericula,
387 2723 421 2783 et
443 2718 593 2803 enormia,
611 2718 740 2795 damna,
764 2717 951 2805 frequenter
973 2720 1261 2807 contige-becque-

71 2824 157 2884 runt
204 2818 301 2899 Quod
322 2825 357 2884 et
378 2818 449 2906 ipso
472 2819 586 2885 eodem
608 2824 755 2908 tempore
777 2820 924 2886 sensibili
947 2825 981 2887 et
1011 2800 1265 2909 uui-{Quiane

71 2921 155 2986 festo
177 2921 327 3008 exemplo
349 2920 599 2987 manifestatum
621 2929 678 2988 est
1129 2933 1157 2976 t0
1168 2927 1240 2990 10521

115 3023 204 3088 Nam
226 3029 261 3088 et
285 3023 444 3090 Ricardus
466 3024 507 3089 de
530 3024 708 3103 Hetirsete,
725 3024 818 3090 Prior
840 3026 982 3092 ecclesia
996 3031 1117 3092 nostrae
1128 2993 1284 3122 ffiffi'de

72 3128 111 3192 de
134 3126 391 3214 Wymuudham,
412 3148 513 3214 prope
534 3133 665 3215 tempus
686 3127 769 3192 illud
792 3127 899 3193 factus
924 3129 1032 3194 fuerat
1054 3127 1261 3217 col-Hoerner,

71 3229 172 3295 lector
193 3229 352 3294 vellerum
374 3250 534 3316 agnorum
557 3234 592 3295 et
614 3229 798 3315 garbarum,
822 3229 906 3315 Regi
927 3250 986 3317 per
1008 3204 1271 3321 mom-{lmffig

71 3331 268 3396 munitatem
290 3353 535 3412 concessarum
558 3332 626 3419 qui,
651 3332 772 3418 partim
796 3336 929 3418 propter
951 3286 1270 3420 propriamnalffhcv-

71 3433 313 3521 negligentiam,
345 3433 467 3519 partim
499 3438 634 3520 propter
666 3434 906 3499 accusationem
943 3455 1010 3519 qua
1043 3457 1118 3501 eum
1130 3406 1289 3522 10ζῇᾚᾷ

70 3557 170 3623 penes
192 3535 314 3622 Regem
337 3535 513 3616 accusavit,
536 3536 594 3624 qui
624 3535 687 3601 sibi
721 3536 1036 3614 associatosfuerat,
1061 3537 1278 3603 Jofleecemd
1306 3567 1310 3574 ·

71 3637 196 3704 hannes
221 3636 262 3702 de
292 3637 470 3713 Brunham,
491 3637 613 3703 dictam
643 3637 776 3704 domum
806 3639 848 3703 de
870 3638 1117 3724 Wymundham
1131 3604 1287 3736 agmen

70 3739 330 3807 lamentabiliter·
352 3740 514 3827 depressit
536 3740 625 3805 idem
648 3740 749 3816 Prior,
767 3741 848 3806 adeo
871 3745 911 3806 ut
925 3742 985 3806 vix
1005 3737 1271 3828 posteavolvetss

71 3842 181 3930 potuit
203 3843 247 3907 ad
269 3846 394 3907 statum
417 3842 595 3929 pristinum
617 3843 771 3908 revocari.
818 3843 922 3930 Cujus
944 3843 1120 3910 infortunii
1131 3803 1209 3919 issiae
1220 3818 1247 3852 ¹⁰

72 3943 182 4010 dolore
205 3965 384 4031 percussus,
399 3944 508 4011 dictus
532 3944 627 4011 Prior
648 3945 691 4011 ad
706 3945 807 4011 finem
821 3945 904 4012 vitae
919 3945 1055 4013 celerius
1069 3950 1120 4011 est
1131 3935 1243 4000 uaeby.

73 4048 257 4136 perductus.
323 4135 325 4141 Ι

125 4349 237 4401 Omitted
248 4349 274 4399 in
282 4348 339 4400 MS.
592 4347 597 4415 Ι
644 4348 655 4380 ²
665 4349 830 4398 emunitatem
841 4348 868 4398 iu
879 4350 935 4400 MS.
