3038 5452
413 723 621 776 nonssnaau
643 724 763 775 sanari
786 725 925 778 ansam.
1131 714 1193 780 461

209 924 257 991 De
280 924 458 991 mittendis
480 924 527 991 cd
549 913 717 992 Studium
743 924 1159 1012 (leatania-Oapitrdom
1232 919 1351 1039 Thffiaa

588 1026 766 1110 Quintum.
1242 1057 1337 1115 nator,

193 1155 211 1180 “
232 1151 307 1207 Cum
319 1153 359 1207 sit
373 1152 484 1206 frustra
505 1152 735 1207 Constitutiones
750 1153 864 1224 aliquas
880 1151 1012 1216 condere,
1026 1153 1084 1207 nisi
1096 1159 1198 1225 postea
1227 1123 1348 1240 mffi'fi·

157 1239 176 1265 ‘⁶
197 1237 233 1292 ab
253 1236 419 1291 hominibus
440 1236 641 1300 observentur,
666 1237 802 1307 congruit
821 1237 863 1292 sic
884 1236 1113 1292 Constitutioues
1144 1255 1197 1309 per
1254 1283 1321 1296 -.

157 1323 176 1348 ‘⁶
196 1338 295 1391 poenas
308 1320 427 1384 vallare,
441 1326 475 1375 ut
490 1337 644 1392 poenarum
655 1326 736 1375 metu
756 1321 792 1375 ad
805 1321 936 1392 ipsarum
949 1320 1196 1376 Constitutiouum
1210 1323 1305 1400 Onthe

157 1408 176 1430 “
196 1405 408 1460 observantiam
427 1404 559 1459 homines
582 1410 743 1459 arceantur.
781 1405 820 1460 Et
839 1405 864 1460 si
882 1406 1046 1475 aliquorum
1066 1390 1346 1461 anmsit⁰b¹¹ss⁸fi0¹¹

158 1492 176 1516 “
196 1487 327 1551 rebellio,
341 1488 419 1560 quod
437 1488 474 1543 ad
494 1505 542 1543 eas
561 1488 756 1544 observandas
772 1490 898 1545 faciliter
914 1490 991 1546 flecti
1007 1490 1117 1554 nolunt,
1131 1509 1196 1545 con·
1210 1456 1349 1574 {amos

158 1576 177 1600 “
196 1573 277 1628 venit
295 1572 400 1627 addere
421 1590 520 1644 poenas
542 1575 653 1645 poenis3
678 1580 713 1628 ut
733 1592 805 1645 quos
827 1580 913 1628 certos
933 1592 1026 1645 poenae
1050 1593 1107 1630 non
1131 1575 1343 1640 fleo-theorder

157 1661 177 1685 ‘⁶
197 1663 271 1720 tunt,
292 1674 342 1712 eos
365 1657 486 1712 inclinet
508 1674 661 1728 poenarum
681 1658 781 1714 addita
798 1658 967 1713 multitudo.
1006 1659 1080 1714 Cum
1105 1660 1197 1731 igitur
1209 1658 1333 1736 toseqda

157 1740 290 1796 “felicis
315 1741 462 1796 memoriae
491 1742 668 1797 Benedictus
692 1742 773 1814 Papa
801 1741 1008 1807 Duodecimus,
1030 1743 1067 1796 ad
1090 1748 1196 1798 nostres
1210 1731 1365 1789 mmm·

156 1829 176 1853 “
194 1826 348 1897 religionis
368 1809 506 1880 honore'm
527 1844 583 1880 non
602 1825 756 1890 modicum,
777 1844 869 1897 nupcr
889 1826 1053 1880 deorcverit
1071 1826 1148 1897 quod
1160 1825 1196 1879 de
1209 1789 1350 1907 {32:³3ss

157 1913 177 1937 “
197 1910 321 1981 singulis
333 1909 520 1965 Monasteriis
530 1910 648 1966 Ordinis
662 1912 765 1973 nostri,
782 1910 818 1963 do
832 1909 970 1981 quolibet,
985 1910 1106 1974 scilicet,
1120 1912 1196 1965 viee·
1209 1931 1236 1973 to
1246 1923 1289 1973 the
1302 1925 1365 1975 Uni.

157 1997 177 2023 “
196 1996 278 2050 nario
292 2013 413 2050 numero
425 1995 641 2057 monachorum,
656 1996 788 2050 mittatur
806 2012 881 2049 unus
899 1994 936 2049 ad
952 1993 1088 2049 Studium
1100 2001 1195 2065 aptus,
1210 1991 1311 2058 vertiti·

157 2081 176 2106 ‘⁶
195 2096 249 2150 pro
268 2079 366 2135 fructu
385 2080 504 2150 majoris
524 2079 654 2134 scientiae
674 2078 879 2149 adquirendae3
902 2096 936 2132 ac
952 2084 1120 2133 contranon
1131 2079 1198 2132 mit-

158 2167 176 2192 “
196 2170 290 2219 tentes
312 2181 413 2235 poenas
433 2163 570 2219 statuerit
590 2162 677 2218 valde
701 2179 822 2233 graves;
847 2168 972 2233 suntque
992 2161 1096 2221 adhuc.
1123 2163 1199 2216 sicut

156 2251 177 2276 ‘⁶
196 2264 232 2301 ex
243 2247 403 2302 multorum
413 2247 510 2302 relatu
524 2246 689 2309 didicimus,
705 2245 823 2321 qqidam
840 2253 946 2301 nostrae
959 2246 1112 2317 religionis
1125 2239 1197 2318 prse-

157 2336 176 2360 “
195 2333 258 2397 lati,
273 2350 344 2404 quos
356 2349 410 2386 neo
423 2331 530 2403 Papale
545 2329 704 2393 Statutum,
716 2347 768 2384 nec
781 2331 912 2401 ipsarum
925 2347 1078 2400 poenarum
1090 2337 1196 2395 metus,

157 2421 176 2446 ‘⁴
196 2417 317 2480 emollit,
343 2423 377 2472 ut
406 2416 441 2470 de
466 2415 527 2470 suis
558 2414 707 2469 monachis
731 2415 848 2468 mittant
877 2414 914 2468 ad
952 2413 1088 2471 Studium
1112 2415 1198 2484 juxta

156 2506 175 2530 ‘⁶
195 2519 349 2557 numerum
369 2505 666 2572 praetaxatum-nos
688 2516 759 2569 ergo
781 2498 979 2563 rebellionem,
1002 2505 1146 2571 quatenus
1167 2501 1197 2554 in

157 2591 175 2613 “
195 2585 279 2641 nobis
298 2591 351 2648 est,
372 2584 547 2640 contundere
567 2584 727 2654 cupientes,
749 2583 903 2638 statuimus
922 2591 957 2638 ut
979 2585 1094 2656 praelati
1115 2584 1199 2640 Ordi-

156 2674 175 2698 “
194 2670 241 2725 nie
259 2670 353 2725 nostri
368 2670 543 2741 quicunque,
558 2668 609 2739 qui
624 2668 735 2724 virtute
754 2666 978 2724 constitutionis
996 2670 1114 2741 Papalis
1127 2688 1200 2742 prae·

155 2757 175 2782 ‘⁸
195 2753 281 2808 dictae
305 2753 441 2824 aliquem,
464 2752 512 2806 vel
536 2751 658 2823 aliquos,
682 2753 717 2807 do
743 2752 804 2806 suis
828 2752 977 2829 monachis
1002 2755 1038 2808 ad
1063 2755 1200 2810 Studium

155 2841 174 2865 ⁴‘
195 2837 311 2892 mittere
336 2841 404 2891 sunt
431 2835 554 2899 astricti,
580 2853 633 2890 nec
662 2842 759 2890 tamen
781 2835 835 2890 hoc
854 2836 974 2901 faciunt,
998 2844 1031 2892 ut
1053 2845 1198 2901 tenentur,

156 2925 175 2949 “
195 2921 274 2976 ultra
293 2938 393 2993 poenas
414 2937 467 2992 per
487 2919 640 2975 Summum
662 2921 832 2975 Pontificem
849 2928 951 2977 contra
969 2922 1043 2976 tales
1063 2927 1198 2984 statutas,

157 3009 176 3034 “
196 3005 311 3061 nomine
336 3006 425 3063 etiam
451 3022 553 3075 poenoe,
580 3004 693 3060 solvant
720 3005 803 3059 annis
828 3006 954 3076 singulis
983 3023 1035 3076 pro
1060 3006 1199 3076 quolibet,

157 3094 177 3119 “
199 3107 285 3161 quem
303 3089 414 3144 virtute
436 3087 546 3144 Statuti
568 3089 683 3159 praelati
705 3089 822 3143 mittere
842 3095 977 3144 tenentur
996 3089 1033 3143 ad
1053 3088 1199 3149 Studium,

157 3179 176 3204 ‘⁴
198 3179 295 3229 etnon
305 3175 434 3236 mittunt,
449 3172 574 3227 dominis
593 3170 834 3237 Prasidcntibus,
854 3172 904 3243 qni
926 3189 979 3242 pro
997 3178 1126 3243 tempore
1140 3173 1200 3226 fue·

157 3263 176 3289 “
197 3258 265 3322 rint,
279 3258 380 3313 decem
400 3256 500 3320 libras,
515 3257 546 3310 in
564 3274 634 3311 usus
653 3273 820 3311 communes
841 3255 960 3311 Ordinis
982 3256 1199 3312 convertendas.

157 3347 177 3371 ‘¹
196 3343 237 3397 Et
256 3348 291 3398 nt
309 3341 345 3396 de
364 3341 472 3396 talibus
494 3341 555 3412 qui,
577 3346 611 3395 ut
631 3341 781 3411 praefatur,
803 3340 839 3394 de
860 3341 922 3395 suis
941 3358 998 3394 non
1020 3341 1141 3395 mittunt
1165 3340 1201 3396 ad

157 3432 177 3457 ‘⁴
199 3425 344 3488 Studium,
368 3431 401 3480 ut
413 3424 562 3488 doberent,
583 3424 676 3495 possit
696 3424 783 3479 citius
802 3431 834 3478 et
852 3425 961 3479 certius
984 3424 1109 3480 dominis
1122 3425 1201 3479 Prae·

157 3509 359 3567 “sidentibus
380 3526 529 3581 apparere,
547 3508 734 3579 praecipimus
747 3508 844 3564 Priori
866 3508 1055 3573 studentium,
1078 3508 1202 3564 firmiter

158 3599 178 3624 ‘⁸
197 3592 383 3665 injungendo,
398 3592 475 3663 quod
491 3592 526 3647 de
545 3592 711 3647 nominibus
731 3591 836 3646 talium
856 3610 914 3647 non
934 3593 1124 3657 mittentium,
1139 3595 1201 3648 sive

157 3682 178 3707 “
197 3678 376 3734 mittentium
396 3677 484 3731 nimis
503 3675 595 3739 tarde,
609 3683 660 3731 aut
677 3682 743 3732 ante
760 3676 848 3731 finem
868 3678 936 3731 anni
957 3677 1108 3733 studentes
1133 3697 1200 3734 suos

159 3764 179 3789 “
198 3778 217 3816 a
235 3759 338 3817 Studio
357 3760 566 3823 revocantium,
593 3760 734 3816 certificet
754 3778 807 3831 per
828 3779 896 3815 suas
914 3760 1030 3816 litteras
1048 3762 1131 3816 annis
1145 3763 1202 3816 sin·

159 3849 179 3874 “
199 3845 279 3917 gulis
303 3844 434 3899 dominos
459 3843 675 3910 Praesidentes3
706 3850 739 3898 ut
764 3845 841 3899 sicut
864 3862 921 3899 non
947 3846 1097 3901 mittentes
1116 3862 1201 3916 poena

160 3933 179 3958 “
199 3929 298 3984 decem
310 3928 462 3991 librarum,
477 3928 555 3983 sicut
569 3930 768 3999 praemittitur,
782 3934 851 3984 sunt
867 3928 1037 3992 mulctandi,
1053 3929 1094 3984 sic
1112 3929 1201 3985 uimis

159 4017 179 4042 ‘⁴
199 4012 281 4068 tarde
301 4012 459 4075 mittentes,
479 4011 527 4066 vel
546 4019 720 4082 praemature
738 4016 916 4074 revocantes,
937 4030 991 4082 pro
1012 4018 1119 4082 quanto
1130 4016 1201 4065 tem·

160 4102 179 4125 ‘⁸
198 4114 268 4168 pore
291 4096 459 4159 defecerint,
479 4113 594 4166 poenam
615 4096 746 4161 solvant3
767 4102 801 4151 ut
822 4113 889 4150 cum
910 4113 1012 4158 annus,
1029 4095 1113 4165 juxta
1126 4113 1201 4150 oom-

160 4180 379 4251 “putationem
408 4179 626 4242 Universitatis,
658 4183 717 4234 tres
742 4180 887 4234 contineat
915 4179 1063 4242 terminos,
1095 4178 1200 4249 quibus

161 4269 179 4292 ‘⁶
200 4264 334 4334 magistri
348 4263 540 4317 communiter
561 4280 628 4317 suas
646 4263 816 4317 continuant
834 4261 981 4324 lectiones,
1002 4263 1200 4332 cujuscrmqnc

161 4351 179 4374 ‘⁶
200 4346 313 4418 prelati
335 4345 509 4410 ¹scholares,
529 4345 576 4400 rel
597 4344 762 4406 ¹soholaris‚
785 4364 837 4416 per
853 4346 1010 4400 terminum
1024 4344 1122 4409 talem,
1149 4365 1201 4402 seu

161 4435 180 4458 “
202 4431 317 4485 termini
339 4429 481 4500 majorem
501 4434 623 4499 partem,
642 4447 659 4482 a
679 4427 783 4484 Studio
803 4428 939 4493 (lenierit,
954 4429 1049 4484 solvat
1067 4447 1120 4500 pro
1133 4448 1202 4500 quo-

514 4627 521 4658 ¹
535 4625 647 4687 scolares,
658 4626 769 4686 scolaris,
780 4625 806 4675 in
815 4627 869 4677 MS.
