3038 5452
241 715 308 779 498
629 721 807 773 arsurum
831 709 896 791 (a)

247 918 266 944 “
286 915 369 969 bonis
388 913 459 969 dicti
478 913 632 984 hospitalis
651 912 904 982 qualitercunque,
933 926 969 962 ex
988 925 1172 979 quacunque
1199 926 1304 973 eausa,

249 1001 268 1026 “
287 1016 403 1062 census,
429 997 607 1061 corrodium,
634 1003 686 1051 aut
711 994 823 1066 pensio,
849 992 1041 1059 concedatur3
1068 993 1116 1047 rel
1142 993 1223 1064 quod
1248 1010 1306 1046 nn·

249 1085 269 1112 ‘⁶
288 1100 388 1138 merus
406 1082 531 1138 fratrum
549 1082 741 1153 leprosorum,
760 1079 809 1135 vel
834 1079 1029 1145 sacerdotum,
1052 1077 1223 1149 aliqualiter
1248 1077 1307 1132 mi·

249 1169 269 1196 “
288 1172 412 1234 nuatur;
440 1167 488 1221 rel
515 1166 593 1238 quod
619 1165 676 1236 ipsi
703 1165 735 1219 in
759 1163 833 1219 alios
857 1167 1075 1219 commutentur
1082 1183 1094 1230 ς
1113 1162 1167 1219 sed
1184 1162 1306 1233 quoties

249 1251 325 1306 “de
350 1252 434 1322 ipsis,
455 1258 506 1305 aut
532 1251 630 1321 aliquo
648 1247 818 1313 eorundem,
840 1248 924 1319 loqui
941 1247 1108 1319 contigerit,
1133 1251 1307 1302 constanter

250 1337 269 1362 “
288 1352 342 1406 pro
360 1336 430 1391 totis
448 1335 562 1391 viribus
584 1334 759 1388 reclamabo.
797 1332 1028 1388 Constitutiones
1049 1337 1080 1387 et
1103 1331 1307 1386 ordinationes

250 1421 269 1447 ‘⁸
288 1420 361 1476 dicti
387 1420 553 1490 hospitalis,
582 1437 635 1490 per
660 1419 819 1474 Dominum
836 1418 1015 1473 Michaelem
1031 1417 1181 1472 Abbstem
1198 1416 1307 1481 editas,

250 1503 269 1530 ‘⁸
289 1509 320 1559 et
341 1504 371 1558 in
390 1504 510 1574 scriptis
528 1504 671 1567 redactas,
691 1510 835 1574 quatenus
860 1519 908 1557 me
925 1502 1059 1567 attinent,
1079 1501 1256 1566 observabo,
1277 1506 1308 1555 et

250 1587 326 1641 “ab
352 1587 428 1652 aliis,
454 1603 508 1657 pro
535 1603 621 1657 posse
634 1577 713 1650 meo,
732 1587 839 1641 faciam
860 1586 1029 1652 observari3
1056 1591 1087 1641 et
1113 1585 1139 1641 si
1165 1590 1306 1657 repertus

251 1672 271 1697 “
290 1671 374 1726 fuero
392 1671 423 1725 in
441 1671 612 1742 praemissis,
631 1670 679 1725 vel
698 1670 797 1741 aliquo
815 1670 1045 1742 praemissorum,
1062 1674 1115 1724 aut
1131 1669 1211 1736 aliis,
1233 1668 1308 1725 deli·

250 1756 270 1782 “
290 1755 400 1826 quisse,
426 1755 636 1810 correctionem
661 1761 691 1810 et
717 1755 901 1826 punitionem
928 1754 1048 1808 Domini
1071 1752 1199 1808 Abbatis
1231 1753 1306 1808 dicti

251 1840 271 1866 “
290 1839 469 1904 monasterii,
497 1839 544 1895 vel
576 1839 670 1910 ipsius
696 1838 914 1903 Arehidiaconi,
943 1838 991 1893 rel
1021 1837 1154 1902 alterius,
1187 1838 1241 1909 qui
1270 1836 1306 1891 ad

251 1924 271 1950 “
290 1923 345 1978 hoo
364 1924 454 1978 fuerit
470 1923 604 1994 legitime
623 1923 790 1992 deputatus,
816 1939 849 1977 ac
873 1921 1013 1993 Magistri
1037 1921 1110 1976 dicti
1135 1921 1304 1992 hospitalis,

252 2009 271 2033 ‘⁶
291 2007 401 2077 absque
432 2024 604 2076 quacunque
634 2007 842 2061 reclamatione
870 2006 984 2069 subibo,
1012 2005 1130 2059 etiamsi
1158 2004 1304 2059 Dominus

253 2093 272 2116 ‘¹
291 2091 403 2154 Abbas,
417 2091 448 2144 in
466 2107 537 2145 casu
556 2107 614 2162 quo
632 2097 679 2145 ter
697 2091 776 2146 cirea
793 2089 872 2144 idem
884 2089 1071 2160 deliquerim,
1086 2106 1104 2143 a
1115 2088 1196 2144 dicto
1208 2089 1306 2160 hospi·

253 2175 272 2201 ‘¹
292 2173 354 2238 tali,
380 2175 490 2245 absque
515 2175 613 2245 gratia
639 2175 790 2239 redeundi,
818 2191 865 2228 mc
895 2173 1024 2228 voluerit
1048 2172 1215 2229 ¹amovere.
1256 2172 1305 2228 Sic

253 2260 273 2284 “
292 2257 373 2314 Deus
391 2275 439 2312 me
458 2258 587 2328 adjuvet,
606 2264 635 2312 et
653 2259 715 2312 haec
735 2259 842 2314 Sancta
859 2256 1107 2328 ²Evangelia.'’-

400 2460 451 2525 De
474 2457 738 2527 correctionibus
754 2459 1146 2545 faciendis-Rabies.

290 2577 310 2604 ‘¹
324 2575 356 2633 Si
375 2577 482 2650 aliquis
501 2581 592 2636 frater
610 2586 813 2650 transgressus
833 2579 924 2634 fuerit
941 2580 1104 2651 praemissa,
1118 2581 1167 2635 vel
1186 2581 1306 2653 aliquod

254 2662 273 2688 “
293 2661 461 2728 eorundem,
493 2681 546 2734 pro
574 2663 701 2734 singulis
731 2662 899 2733 hujusmodi
929 2663 1224 2735 transgressionibus,
1254 2684 1307 2738 per

255 2745 274 2772 “
294 2762 346 2800 uos
365 2751 395 2800 et
413 2764 597 2802 successores
621 2752 747 2811 nostros,
771 2747 818 2801 vel
836 2746 1084 2804 Archidiaccnnm
1102 2748 1175 2804 dicti
1193 2768 1308 2807 monas·

255 2829 274 2856 “
293 2828 370 2892 terii,
390 2830 441 2899 qui
459 2835 514 2896 est,
534 2829 638 2886 eterit
657 2848 710 2902 pro
728 2836 868 2902 tempore,
890 2837 1029 2903 tauquam
1046 2832 1186 2904 perjurus
1205 2832 1306 2906 ³[pro]

254 2914 274 2940 “
293 2912 434 2983 periurio,
462 2919 492 2968 et
518 2914 590 2969 alias
617 2921 704 2986 prout
726 2915 795 2970 lacti
822 2915 948 2987 qualitas
973 2917 1177 2987 postulaverit,
1205 2919 1309 2989 punia-

255 2999 274 3024 “
293 3002 352 3051 tur.
392 2996 425 3052 Si
442 3015 513 3052 vero
531 3003 577 3052 ter
595 2999 674 3054 eirca
691 2999 769 3054 idem
797 3008 898 3071 sponte
925 3001 961 3054 de
986 3002 1147 3071 praemissis
1170 3009 1308 3074 repertus

255 3081 274 3106 “
295 3080 386 3135 fuerit
414 3079 584 3151 deliquisse,
614 3081 663 3138 vel
700 3083 820 3153 aliquod
857 3084 939 3139 aliud
970 3086 1152 3140 commiserit
1182 3087 1305 3153 crimen,

256 3165 274 3190 “
294 3169 414 3235 propter
433 3165 510 3235 quod
523 3184 541 3220 a
554 3183 606 3220 suo
624 3165 688 3220 loco
701 3167 806 3221 debeat
820 3168 907 3238 juxta
921 3168 998 3238 juris
1016 3169 1194 3239 exigentiam
1213 3170 1311 3226 ¹amo·

255 3248 275 3274 “
293 3247 366 3312 veri,
385 3265 439 3318 per
455 3266 508 3304 nos
528 3254 558 3304 et
576 3266 760 3306 successores
778 3257 903 3316 nostros,
922 3257 953 3307 et
975 3270 1033 3308 non
1053 3271 1106 3324 per
1124 3251 1307 3321 inferiorem,

255 3330 463 3402 “hujusmodi
491 3332 662 3404 delinquens
690 3352 707 3388 a
734 3333 812 3390 dicto
838 3334 985 3407 hospitali,
1018 3336 1044 3392 si
1069 3337 1124 3392 hoc
1149 3338 1308 3409 expediens

255 3415 274 3441 ‘⁴
294 3414 437 3480 videatur,
457 3423 627 3473 amoveatur
645 3418 771 3483 omnino,
794 3436 846 3474 seu
866 3419 939 3475 alias
958 3420 1065 3476 acriter
1084 3421 1233 3492 puniatur.
1271 3422 1309 3478 Iu

255 3499 277 3525 ‘'
294 3497 455 3555 minoribus
477 3506 635 3565 autemst
657 3501 817 3558 levioribus
842 3504 1018 3569 excessibus,
1042 3507 1254 3562 correctionem
1278 3513 1311 3562 et

256 3583 276 3607 “
295 3583 477 3652 punitionem
496 3585 533 3639 ad
551 3584 729 3657 Magistrum
748 3587 883 3644 volumus
902 3589 1057 3660 pertinere.

656 3795 707 3860 De
731 3793 912 3883 Capitalia

293 3920 312 3947 '‘
325 3918 456 3976 'I'eneant
474 3926 504 3976 et
519 3920 628 3977 iaciant
645 3923 753 3980 fratres
767 3923 937 3995 Capitulum
956 3924 1059 3980 saltem
1080 3927 1172 3982 semel
1191 3927 1224 3982 in
1241 3929 1313 3985 heb

257 4005 276 4029 ‘¹
297 4003 431 4070 domada,
456 4004 487 4059 in
514 4004 561 4059 die
588 4006 624 4060 ad
649 4006 704 4062 hoc
722 4008 819 4079 magis
842 4014 927 4080 apto;
954 4014 984 4064 ct
1008 4009 1040 4063 in
1067 4028 1125 4080 quo
1153 4011 1234 4067 eirca
1254 4014 1310 4069 hoc

257 4088 275 4112 ‘¹
295 4089 402 4144 melius
429 4089 579 4159 potuerint
606 4092 752 4163 occupari,
773 4110 826 4163 pro
843 4092 969 4164 negotiis
996 4093 1150 4165 hospitalis
1179 4114 1311 4153 commu·

256 4171 276 4196 “
295 4171 381 4238 niter,
410 4177 443 4226 nt
470 4174 615 4238 convenit,
636 4176 860 4245 pertractandis,
884 4183 914 4230 et
939 4178 1168 4234 correctionibus
1195 4180 1309 4237 levium

256 4255 274 4280 “
294 4259 325 4310 et
341 4256 492 4311 mitiorum
511 4275 684 4314 excessuum
707 4259 806 4314 debite
824 4260 975 4316 iaciendis.
1012 4262 1051 4317 Et
1067 4263 1121 4318 boc
1135 4263 1310 4336 Capitulum

255 4338 274 4365 “
294 4339 325 4392 in
341 4340 467 4396 ecclesia
483 4342 592 4397 clausis
610 4343 694 4398 ostiis
711 4344 939 4416 circumquaque
955 4363 1036 4402 more
1055 4348 1142 4404 solito
1161 4354 1310 4406 teneatur.

287 4541 295 4573 ¹
307 4559 438 4596 ammovere
449 4549 499 4597 aud
510 4552 637 4599 ammoneri
647 4551 672 4599 in
684 4550 740 4602 MS.
834 4553 844 4583 ³
857 4553 968 4605 Omitted
976 4556 1003 4604 iu
1015 4541 1070 4607 MS.
1084 4558 1206 4610 Claudius
1214 4562 1243 4611 Ε.
1253 4562 1304 4621 iv.;

285 4620 296 4652 ²
308 4622 360 4672 Dei
370 4625 510 4693 Evangelia
519 4629 545 4678 in
552 4630 609 4681 MS.
618 4630 686 4681 Nero
693 4631 726 4682 D.
735 4631 752 4681 i.
800 4633 915 4697 supplied
925 4634 989 4684 from
999 4635 1053 4687 MS.
1065 4636 1134 4687 Nero
1145 4637 1180 4689 D.
1194 4640 1211 4688 i.
