3038 5452
428 726 639 777 sonnerunn
662 725 784 776 ssucrr
806 725 944 777 suem.
1140 713 1205 777 439

198 813 209 841 b

162 917 181 941 ‘⁶
201 914 324 985 graliter
338 914 530 985 eleemosynae
549 914 721 984 applicetur,
735 931 788 983 per
806 930 908 968 manus
926 912 1007 968 illins
1027 912 1078 985 qui
1096 913 1205 969 adhoc
1236 914 1355 976 Thomas,

162 1001 181 1025 ‘⁴
202 998 290 1053 fuerit
316 999 473 1069 deputatus
502 998 628 1052 fideliter
654 998 831 1069 pauperibus
858 997 1055 1068 erogandum
1074 998 1206 1069 ipsisque
1269 982 1329 1033 Μ

162 1084 182 1110 “
200 1082 389 1154 pauperibus,
407 1083 438 1137 in
456 1088 598 1153 quantum
615 1082 770 1138 facultates
795 1087 961 1152 suppetunt,
981 1082 1039 1138 viis
1058 1088 1089 1137 at
1111 1081 1206 1137 modis
1251 1047 1347 1165 {iffi

162 1169 182 1194 “
202 1167 308 1238 quibus
325 1167 433 1237 poterit
450 1166 547 1222 debite
566 1167 766 1222 subveniatur.
805 1164 838 1221 Si
857 1165 923 1236 quis
942 1170 1040 1223 antem
1057 1165 1206 1223 ¹fraudem
1242 1152 1362 1232 lela-te.

162 1253 181 1279 ‘⁶
201 1251 392 1321 eleemosynas
417 1251 513 1306 facere
530 1257 665 1322 repertus
689 1250 788 1314 fuerit,
807 1267 860 1320 per
878 1254 939 1305 tres
957 1251 1020 1306 dies
1038 1250 1206 1307 immediate
1264 1276 1331 1287 —

162 1339 182 1363 “
201 1341 354 1407 sequentes
379 1335 427 1390 die
454 1334 593 1404 quolibet,
619 1352 678 1389 uno
702 1339 817 1391 tantum
844 1334 956 1389 ferculo
978 1333 1017 1389 sit
1042 1338 1203 1390 contentus.

161 1422 180 1448 ‘⁴
201 1419 318 1490 Siquis
337 1419 447 1476 adhoc
465 1424 620 1475 consuetus
646 1419 745 1484 fuerit,
765 1418 862 1474 acrius
880 1419 1028 1488 puniatur,
1049 1424 1079 1473 et
1096 1419 1204 1483 taliter,

161 1507 180 1531 “
199 1510 235 1560 nt
252 1504 351 1558 caeteri
369 1503 499 1558 timeant.

196 1592 216 1616 “
227 1588 401 1644 Ordinamus
420 1588 516 1652 etiam,
536 1593 570 1642 ut
589 1587 773 1658 Snppriores,
788 1588 840 1656 qui
858 1587 895 1643 de
912 1587 1120 1644 consuetudine
1139 1605 1206 1643 snas
1219 1579 1259 1630 0¹¹
1270 1579 1314 1628 ¹¹1⁰

160 1676 179 1701 “
199 1673 308 1728 habent
324 1673 535 1742 eleemosynas,
552 1673 688 1737 vendere,
709 1690 762 1727 seu
778 1690 831 1745 pro
840 1674 935 1746 pretio
946 1672 1114 1735 concedere,
1125 1672 1206 1726 nullo
1219 1647 1284 1763 guff-
1293 1647 1323 1724 ⁰f.

159 1762 179 1785 “
198 1758 284 1813 modo
295 1763 491 1828 praesumant3
506 1758 756 1813 contravenientes
768 1775 839 1814 vero
850 1757 1026 1829 regulariter
1037 1758 1204 1827 punientur,
1218 1728 1262 1828 ng,
1272 1728 1367 1832 ,ffis

159 1846 177 1870 ‘⁴
198 1849 229 1897 et
246 1842 282 1896 ab
300 1842 468 1913 hujusmodi
494 1840 760 1913 ²eleemosynarum
785 1843 950 1913 largitione,
977 1841 1014 1895 ad
1040 1842 1205 1911 Superioris
1217 1844 1281 1896 their
1292 1847 1362 1899 alme.

159 1930 179 1954 “
199 1927 363 1991 arbitrium,
384 1931 613 1996 sequestrentur.

201 2205 251 2271 De
273 2204 480 2290 [reficeretis
503 2212 533 2270 et
554 2203 716 2291 Iefirrnis
729 2201 1170 2290 Fratribus-Geminium

417 2397 423 2409 .
506 2307 645 2374 Sextum
666 2306 842 2376 decimum.

193 2445 307 2502 “Inter
324 2463 413 2516 opera
430 2444 562 2501 caritatis
580 2463 637 2500 non
649 2445 805 2500 minimum
823 2445 953 2501 creditur
970 2442 1143 2516 indigentiis
1161 2444 1205 2497 in·
1218 2456 1258 2507 011
1269 2458 1312 2507 the

156 2533 175 2557 ‘⁴
197 2530 348 2585 firmorum
366 2529 491 2585 sollicite
510 2530 675 2586 subvenire.
712 2529 774 2585 Nos
799 2530 893 2600 igitur
917 2529 1040 2584 infirmis
1063 2527 1204 2583 fratribus
1217 2530 1349 2576 treatment

154 2618 173 2642 “
194 2613 292 2670 debite
311 2631 492 2678 succurrere,
512 2632 546 2669 ao
563 2632 601 2668 ne
619 2615 748 2685 aliquam
766 2614 915 2685 patiantur
931 2612 1145 2684 negligentiam
1163 2611 1206 2665 di·
1217 2591 1246 2639 ⁰f
1258 2593 1373 2642 breim

155 2702 174 2725 ‘⁴
194 2697 322 2771 ligenter
343 2716 519 2769 precavere,
534 2699 710 2763 affectantes,
731 2699 888 2754 statuimus
906 2703 949 2762 nt,
970 2697 1074 2753 tamin
1091 2694 1206 2752 Menas-
1217 2657 1275 2774 {32
1282 2674 1328 2774 ge

152 2788 171 2810 “
191 2783 266 2838 terio
293 2790 401 2848 nostro,
428 2801 516 2853 qnam
540 2782 572 2836 in
591 2783 682 2838 Cellis
699 2783 784 2837 nobis
812 2783 961 2852 subjectis,
982 2781 1124 2852 Supprior
1149 2781 1309 2840 loeiinflrm.

155 2871 174 2895 “
195 2869 301 2923 fratres
320 2869 452 2923 infirmos
470 2867 573 2922 diebus
593 2868 719 2937 singulis
737 2868 847 2930 visitet,
867 2868 1056 2938 ipsorumque
1074 2866 1206 2935 indigen·

155 2955 174 2978 “
195 2953 262 3016 tias,
275 2958 336 3007 tam
347 2953 380 3006 in
392 2952 465 3006 cibis
485 2969 572 3022 quam
590 2952 622 3005 in
639 2951 802 3016 medicinis,
816 2951 974 3020 diligenter
991 2950 1129 3020 inquirat.
1167 2950 1206 3004 Et

154 3039 174 3062 “
195 3035 357 3106 sialiquam
365 3036 514 3106 patiantur
526 3035 755 3106 'negligentiam
762 3035 810 3089 vel
820 3035 975 3097 desectum,
989 3034 1060 3087 ⁴boc
1072 3033 1204 3087 Infirma·

154 3123 174 3146 ‘⁴
194 3120 248 3183 rio,
260 3120 309 3174 vel
320 3119 372 3174 nbi
383 3119 566 3175 Infirmarius
578 3120 698 3173 minime
710 3118 844 3183 habetur,
859 3117 955 3171 Priori
967 3117 1033 3179 loci,
1047 3117 1163 3171 intimet
1175 3123 1205 3171 et

154 3208 174 3231 “
194 3203 332 3259 notificet.
362 3204 610 3275 Injungimusque
623 3203 695 3274 ipsis
708 3202 884 3257 Inflrmariis
898 3207 928 3255 et
939 3200 1098 3264 Prioribus,
1113 3204 1153 3263 nt,
1167 3200 1204 3254 ad

154 3291 174 3315 “
194 3288 364 3360 praedietam
385 3288 554 3360 Supprioris
572 3287 809 3350 notificationem,
830 3286 865 3340 de
879 3285 953 3340 cibis
972 3285 1015 3338 eis
1034 3284 1204 3339 convenien-

153 3375 173 3399 “
194 3372 275 3428 tibus
287 3373 462 3426 sufficienter
474 3373 650 3434 ministrare,
663 3389 696 3425 ac
716 3389 816 3425 corum
828 3369 1006 3439 indigentias
1025 3373 1056 3422 et
1072 3368 1203 3424 defectus

154 3460 174 3484 “
194 3457 226 3511 in
243 3456 396 3512 medicinis
418 3463 448 3512 et
464 3457 530 3511 aliis
551 3455 781 3527 quibuscunque,
802 3455 865 3509 sine
884 3471 966 3506 mora
984 3452 1119 3508 studeant
1137 3472 1204 3525 sup·

154 3544 174 3568 “
194 3541 285 3612 plere,
306 3541 360 3595 sub
377 3559 464 3612 poena
481 3541 563 3612 tripli
575 3541 657 3595 illins
676 3540 754 3610 quod
779 3539 857 3593 circa
883 3538 1022 3601 infirmos,
1043 3538 1203 3593 seeundum

153 3627 174 3652 “
193 3630 326 3680 nostrum
338 3625 503 3688 arbitrium,
517 3624 671 3695 expensnri
679 3628 793 3688 essent;
806 3620 923 3676 fabricae
930 3621 1101 3676 Monasterii
1113 3621 1204 3678 nostri

154 3712 174 3736 “
193 3727 247 3780 per
264 3726 366 3763 manus
390 3713 504 3764 nostras
528 3709 743 3781 applicandum.
787 3708 850 3778 Ipsi
874 3712 972 3761 autem
996 3706 1106 3762 infirmi
1129 3708 1202 3764 cibis

155 3797 174 3820 “
194 3793 405 3858 communibus,
427 3796 459 3848 in
484 3800 625 3864 quantum
649 3813 698 3849 eos
722 3793 907 3847 infirmitates
931 3793 1113 3862 permittunt,
1144 3793 1203 3847 sint

154 3881 174 3906 “
194 3877 331 3942 contenti,
350 3878 468 3934 Priores
481 3880 529 3935 vel
546 3879 726 3934 Infirmarios
745 3877 879 3950 expensis
899 3878 1055 3948 superfluis
1068 3894 1125 3932 non
1136 3895 1203 3932 vex-

154 3964 174 3990 “
194 3968 295 4027 antes;
328 3963 378 4032 qui
405 3968 511 4027 minen,
537 3963 608 4018 licet
634 3962 803 4034 aliqualiter
821 3961 1025 4024 ‘excesserint
1058 3960 1202 4031 patienter

155 4049 176 4073 “
195 4046 341 4103 tolerandi
366 4053 441 4103 sunt.
491 4048 616 4120 Ipsimet
640 4049 728 4104 etiam
741 4048 849 4102 infirmi
861 4047 994 4117 proprias
1006 4044 1200 4111 infirmitates,

154 4134 174 4158 “
192 4131 225 4186 in
238 4135 378 4202 quantum
387 4138 518 4204 possunt,
532 4132 659 4203 benigue
680 4133 852 4194 sustineant,
866 4147 928 4193 nec,
947 4130 1013 4200 plus
1026 4128 1062 4182 de
1075 4130 1202 4199 corporis

188 4425 197 4457 ¹
210 4422 319 4476 Omitted
339 4426 365 4475 in
383 4427 426 4477 the
448 4435 508 4487 text,
530 4431 576 4478 but
597 4444 655 4491 sup·
676 4424 679 4471 l
734 4423 936 4488 ³necplipenliam
947 4422 974 4470 in
986 4421 1041 4470 MS.

155 4506 223 4572 pliad
233 4504 259 4554 in
277 4507 319 4556 the
330 4507 436 4571 margin,
448 4507 475 4556 in
486 4508 570 4559 alaier
582 4508 655 4558 haud.
678 4496 681 4559 l
738 4507 745 4533 ⁴
759 4506 783 4553 in
794 4503 956 4565 hccfirmurio
968 4502 994 4550 in
1007 4501 1062 4551 MS.

190 4584 372 4635 τεΙοηιιιίνιτηίιηι
384 4587 411 4636 in
423 4587 479 4638 MS.
679 4619 681 4632 .
737 4584 747 4613 t
761 4581 897 4631 excederint
907 4580 933 4630 iu
946 4580 1003 4631 MS.
