3038 5452
432 743 644 824 uonssruun
667 745 788 794 ennon
811 743 947 793 anesin.
1065 730 1069 741 '
1168 729 1210 791 83

171 928 289 999 dictum
316 932 497 997 Dominum
536 931 716 996 Robertum
747 930 947 997 dieseisitum
984 930 1211 1017 imprudenter
1231 941 1302 994 John
1311 943 1368 1004 IV„

170 1033 240 1101 inde
266 1034 458 1101 ¹reseisivit.
505 1034 579 1114 Quo
608 1035 771 1100 universae
802 1033 909 1116 earnis
932 1033 1021 1098 viam
1053 1034 1209 1121 ingresso,
1257 1011 1352 1137 ffit,

169 1138 277 1203 relicta
300 1139 436 1204 Domini
465 1138 602 1203 Roberti
632 1137 672 1202 de
703 1135 897 1202 ”Tateshnle
924 1135 1104 1213 veterioris,
1136 1158 1210 1222 quae
1269 1143 1336 1193 AD.

167 1246 304 1322 patrona
326 1240 391 1306 nn
413 1241 545 1305 nomine
568 1241 663 1316 notu,
678 1239 762 1304 niun
782 1238 858 1303 inse
881 1239 988 1325 anun,
1002 1259 1062 1304 nes
1077 1238 1210 1304 domum
1248 1213 1352 1315 ¹³⁰3·

165 1346 326 1426 gravavit,
357 1343 413 1407 sed
443 1343 589 1408 Priorem
620 1351 654 1408 et
683 1340 858 1407 monachos
889 1341 1067 1427 plurimum
1108 1341 1210 1407 hono·
1224 1343 1345 1422 Tbepuc·

162 1448 273 1525 revit3
320 1469 394 1532 quae
428 1446 551 1511 ibidem
583 1446 675 1523 obiit,
711 1458 745 1510 et
777 1443 906 1530 sepulta
938 1449 989 1508 est
1023 1443 1059 1507 in
1095 1446 1207 1510 eodem
1223 1412 1351 1542 {22}ssss

161 1544 330 1627 Priorem,
344 1571 431 1614 anno
455 1549 591 1614 Domini
614 1547 788 1612 millesimo
811 1547 1041 1612 trecentesimo
1064 1545 1363 1624 deeim03re113ieher

157 1654 254 1737 cujus
272 1653 330 1737 jus
360 1657 554 1738 patronatus
588 1650 741 1715 successit
764 1651 899 1715 Thomae
923 1649 962 1713 de
986 1648 1088 1735 Kayli
1111 1647 1210 1715 hoere·
1223 1610 1363 1728 iiffiifw.

156 1753 293 1830 diturie,
316 1755 373 1839 qui
398 1754 516 1818 habuit
539 1758 648 1840 partes
671 1753 809 1817 dominii
832 1752 920 1818 illius
943 1752 1031 1816 dune.
1100 1751 1211 1816 Tertia
1224 1759 1292 1794 ⁸⁰⁰⁰·

153 1875 240 1922 vero
263 1879 339 1944 pars
361 1856 557 1922 aeoeudebat
578 1857 621 1920 ad
644 1856 821 1941 Symonem
844 1854 885 1920 de
907 1854 1022 1939 Oriby,
1039 1859 1073 1919 et
1095 1859 1213 1938 quarte

155 1979 238 2041 pars
285 1959 412 2024 duabus
450 1960 581 2035 relictis,
620 1958 784 2034 videlicet,
822 1957 957 2022 Domini
995 1955 1131 2021 Roberti
1169 1956 1210 2021 de

154 2060 346 2139 Tateshale,
369 2061 494 2139 militis,
518 2066 552 2125 et
577 2061 721 2136 Roberti,
735 2060 804 2124 ·filii
827 2060 887 2136 sui,
911 2059 946 2123 in
969 2058 1086 2124 dotem.

154 2377 213 2443 De
238 2375 332 2442 Uelio
355 2374 395 2439 do
417 2372 677 2459 Wymuodham,
705 2379 734 2438 et
757 2371 918 2438 omatibus
942 2370 1082 2438 eooleot'ae
1106 2372 1213 2456 perti
1312 2427 1315 2432 .

254 2477 424 2556 uentibus,
436 2484 512 2562 post
528 2483 668 2543 oaortooa
690 2475 829 2542 Potomia
843 2473 980 2552 ibidem,
1000 2496 1065 2560 per
1082 2473 1214 2542 ”Escae-

255 2589 362 2649 iorem
376 2579 479 2665 Regiis
502 2580 545 2644 in
567 2601 696 2645 marrus
719 2579 866 2664 ejusdem
889 2578 1033 2663 aoyea'tie.

209 2722 353 2790 Domino
376 2720 451 2785 Ada
478 2719 613 2806 Poleyn,
638 2718 804 2804 quondam
829 2717 941 2783 Priore
965 2717 1006 2783 de
1032 2717 1212 2804 Wymund-
1226 2739 1267 2790 On
1279 2739 1321 2791 the

157 2823 251 2903 ham,
275 2824 437 2889 universae
452 2822 558 2888 cornis
579 2821 667 2886 viam
686 2822 838 2908 ingresso,
854 2821 907 2885 die
923 2821 1054 2887 Natalis
1069 2822 1213 2902 Domini,
1225 2806 1300 2922 {iffi}
1311 2807 1342 2856 ⁰¹⁸

159 2933 206 2999 ab
233 2931 466 2998 Inoamatione
489 2929 633 3017 ejusdem
657 2929 829 2994 millesimo
852 2928 1080 2994 trecentesimo
1104 2930 1213 3007 tertio,
1226 2941 1371 3019 stamme

162 3036 302 3124 ingressi
339 3040 419 3099 sunt
455 3033 644 3100 Escaetores
682 3031 817 3096 Domini
859 3031 958 3118 Regis
996 3037 1211 3096 memoratum
1225 3009 1373 3126 ffissm

167 3138 360 3212 Primatum,
398 3159 472 3201 cum
510 3135 614 3201 multa
660 3134 794 3212 familia,
832 3134 997 3220 capientes
1035 3133 1151 3214 claves,
1178 3140 1213 3199 et
1224 3143 1348 3220 takepoe

164 3248 325 3330 ponentes
348 3239 498 3306 custodes
514 3239 549 3303 in
566 3236 721 3304 ‘cellario
737 3237 830 3302 etad
852 3243 973 3324 portas,
989 3258 1027 3301 ao
1050 3237 1084 3301 in
1109 3238 1213 3302 omni·
1224 3211 1362 3343 {352⁸ssssss

166 3344 227 3410 bus
250 3343 381 3423 officiis;
426 3348 461 3407 et
483 3343 682 3408 summoneri
713 3341 860 3407 fecerunt
892 3346 1000 3406 totum
1023 3340 1211 3427 homagium
1225 3345 1254 3394 of
1264 3345 1326 3410 Wr-

168 3449 334 3515 Prioratus
357 3468 464 3512 coram
487 3469 529 3525 se,
553 3446 607 3511 die
630 3445 768 3511 Sabbati
791 3447 827 3509 in
851 3445 948 3510 Festo
973 3445 1213 3525 Innocentium,
1225 3413 1387 3546 ffiffltmof

169 3553 329 3641 exigendo
363 3549 405 3615 ab
443 3549 490 3614 eis
528 3548 725 3616 fidelitatem
763 3554 797 3613 et
833 3549 1098 3637 recognitionem.
1168 3549 1213 3614 Et
1226 3563 1268 3612 the
1281 3562 1378 3612 uecors

170 3657 245 3743 quie
267 3654 361 3720 Prior
384 3653 529 3718 nondum
562 3652 670 3717 fuerat
703 3653 867 3728 humatus,
900 3652 944 3717 ad
966 3653 1212 3738 requisitionem
1226 3628 1382 3746 ζξὲἒξξω

171 3758 368 3835 Conventus
396 3761 576 3844 posuerunt
614 3757 649 3820 iu
687 3762 869 3841 respectum
908 3778 1009 3842 usque
1047 3757 1082 3820 in
1126 3757 1213 3822 diem

172 3863 286 3927 Martis
309 3868 507 3947 sequentem,
533 3865 567 3924 et
598 3859 719 3923 iterum
742 3863 922 3945 posuerunt
956 3859 992 3923 in
1024 3865 1213 3946 respectum,

171 3965 210 4029 ed
234 3964 483 4050 requisitionem
507 3961 707 4039 Conventus,
740 3961 945 4048 praefigentes
980 3961 1067 4026 diem
1100 3962 1213 4026 Domi-

171 4068 274 4132 nioam
297 4071 496 4152 sequentem.
554 4064 608 4127 Ad
631 4085 727 4149 quem
750 4062 837 4127 diem
860 4063 1043 4128 Willelmns
1067 4065 1107 4128 de
1131 4064 1212 4129 Cur-

171 4191 239 4246 sun,
262 4171 320 4256 qui
356 4168 420 4232 fuit
444 4168 607 4244 Esoaetor,
631 4187 699 4230 non
723 4166 826 4245 venit,
850 4167 907 4231 sed
930 4167 1102 4232 mandavit
1124 4168 1212 4253 quod

172 4279 277 4340 essent
299 4293 408 4338 eoram
431 4293 468 4336 eo
492 4271 545 4336 die
570 4270 689 4335 Martis
711 4274 877 4354 sequente.

172 4430 239 4437 υ...
256 4429 379 4435 ...-..-...-
395 4427 473 4434 .-.η-
493 4427 535 4432 ...-
549 4425 590 4432 ι--

204 4506 272 4556 ¹See
284 4520 349 4570 pege
360 4511 401 4562 64,
412 4513 477 4554 aare.
750 4500 1026 4562 ³ScaetoreminMS.‚
1038 4501 1081 4552 the
1098 4501 1152 4553 first
1169 4505 1215 4554 let·

202 4583 337 4636 'Tomis
355 4585 381 4634 in
402 4584 468 4655 MS„
485 4586 518 4649 by
549 4584 665 4635 inadver·
718 4588 755 4632 ter
765 4580 842 4646 being
853 4580 965 4632 omitted.

172 4670 247 4717 tenos.
751 4657 966 4712 ⁴oe1urioinMS.

1016 4744 1080 4807 rt
