3038 5452
352 719 416 782 454
728 733 833 781 unsri
855 731 1017 781 issicum
1063 736 1065 741 ’

199 924 317 984 homas,
353 924 371 946 “
391 921 485 992 nigro,
511 919 691 976 lectisternia
717 919 834 984 viridia,
853 919 948 984 rubia,
972 918 1034 973 sive
1058 916 1133 981 alba,
1159 915 1207 972 vel
1225 931 1261 970 ex
1286 912 1403 971 eisdem

228 992 289 1042 aoth

353 1014 370 1030 ··
391 1004 536 1059 coloribus
554 1005 665 1060 variata
686 1004 819 1074 desuper,
846 1004 894 1059 vel
914 1004 992 1058 circa
1016 1001 1134 1067 lectum,
1162 1000 1188 1056 si
1213 999 1333 1065 talibus,
1352 999 1405 1055 vel

353 1098 370 1114 ⁵·
390 1089 488 1160 aliquo
508 1090 723 1161 praedictorum,
746 1085 808 1144 ¹usi
827 1087 947 1152 fuerint,
972 1087 1034 1142 sine
1052 1103 1136 1142 mora
1156 1084 1306 1156 deponant
1332 1083 1405 1139 sim·

391 1173 506 1244 pliciter
525 1179 554 1229 et
571 1192 625 1246 pro
644 1190 777 1245 semper:
805 1190 839 1228 ao
858 1189 903 1237 ea,
923 1177 953 1227 et
973 1188 1075 1228 eornm
1088 1169 1296 1242 quodeunque,
1311 1168 1404 1225 etim

393 1273 411 1308 a
436 1254 561 1310 subditis
589 1255 739 1310 utentibus
765 1253 835 1319 illis,
861 1253 909 1310 vel
927 1252 1025 1323 aliquo
1059 1251 1228 1315 eorundem,
1265 1249 1407 1305 animat

356 1343 373 1363 ‘⁴
392 1336 521 1403 indilate,
541 1356 575 1393 ao
593 1340 691 1393 omnia
704 1338 765 1402 illa,
786 1344 817 1393 et
835 1336 962 1408 singula,
975 1335 1138 1392 venditioni
1156 1339 1347 1407 exponentes,
1367 1332 1406 1388 de

356 1432 373 1447 ··
394 1440 494 1477 eorum
521 1423 616 1494 pretio
634 1423 708 1494 ipsis
732 1420 881 1479 monachis
902 1421 939 1476 de
962 1420 1138 1476 indumentis
1163 1425 1194 1475 et
1213 1418 1281 1474 aliis
1304 1435 1408 1474 mma·

355 1513 373 1531 ⁸·
394 1506 479 1561 seriis
503 1504 735 1576 competentibus
759 1509 789 1559 et
818 1504 959 1569 honestis,
983 1505 1070 1574 juxta
1097 1504 1176 1576 quod
1199 1502 1405 1575 premittitur,

355 1594 373 1615 ‘⁶
394 1590 501 1644 faciant
518 1589 674 1661 provideri.
712 1587 947 1659 Praecipiantque
967 1588 1081 1659 praelati
1098 1586 1172 1658 ipsis
1184 1593 1216 1642 et
1232 1586 1311 1652 aliis,
1325 1586 1408 1658 quod

354 1679 371 1699 ‘³
391 1673 428 1728 de
449 1679 554 1729 caetero
571 1672 679 1728 talibus
700 1690 758 1727 non
775 1677 912 1736 utentum
935 1671 1014 1743 quod
1032 1672 1058 1727 si
1076 1671 1211 1734 fecerint,
1235 1676 1306 1742 post
1326 1670 1407 1726 inhi-

355 1767 373 1782 “
393 1757 532 1812 bitionem
550 1756 719 1827 hujusmodi
738 1756 794 1811 eibi
812 1756 929 1821 factam,
952 1774 1009 1819 eos,
1030 1773 1096 1810 oum
1115 1754 1294 1820 eonstiterit,
1316 1771 1408 1825 poeua

355 1851 372 1868 ⁶·
393 1841 596 1897 inobedientias
613 1841 743 1911 puniant,
762 1847 797 1895 ut
814 1848 860 1895 est
876 1840 1007 1911 dignum.

392 1930 410 1953 ·‘
430 1925 475 1980 De
494 1925 601 1997 quibus
620 1926 764 1989 omnibus,
784 1931 845 1980 tam
863 1925 958 1995 quoad
974 1924 1125 1980 ⁹subditos
1144 1941 1233 1995 quam
1253 1923 1407 1994 praelatos,

357 2017 545 2066 “monemus
570 2015 605 2065 ut
628 2010 787 2082 diligenter
813 2010 962 2081 inquirant
986 2010 1170 2064 ”visitatores
1191 2008 1326 2080 deputati
1353 2026 1410 2080 per

357 2096 564 2166 “Capitulum
596 2101 728 2151 nostrum
762 2095 954 2158 Provinciam,
991 2112 1043 2149 seu
1075 2093 1164 2149 etiam
1191 2092 1302 2148 futuris
1332 2098 1409 2148 tem·

357 2186 375 2207 ‘¹
395 2181 514 2253 poribus
542 2179 717 2252 deputandi3
738 2186 768 2234 et
794 2179 826 2233 in
851 2196 1024 2251 quocunque
1050 2177 1197 2232 defectum
1225 2176 1407 2242 invenerint,

357 2271 374 2292 ¹⁴
395 2266 511 2321 subdito
528 2264 575 2320 vel
598 2265 728 2336 praelato,
748 2281 815 2318 eum
840 2265 902 2318 sinc
923 2262 1106 2333 mitigatione
1129 2260 1292 2332 percellant
1310 2262 1409 2333 pranis

357 2356 374 2374 '⁶
396 2349 530 2421 superine
555 2350 708 2412 annotatis,
733 2366 792 2402 una
821 2365 887 2402 oum
912 2348 1006 2418 poenis
1026 2347 1092 2402 aliis
1114 2364 1188 2414 quas
1207 2345 1266 2416 ipsi
1285 2345 1410 2402 ⁴visitae

358 2437 375 2459 ‘·
395 2440 483 2497 tores,
505 2441 624 2505 propter
649 2433 743 2504 culpae
769 2432 1011 2496 circumstantias,
1038 2430 1175 2486 duxerint
1190 2429 1410 2486 rationabiliter

358 2522 375 2542 “’
396 2518 589 2589 apponendas.

394 2605 412 2628 “
431 2601 517 2666 item,
546 2620 613 2657 oum
638 2600 757 2657 illorum
784 2601 965 2673 negligentia
989 2605 1077 2671 atque
1107 2596 1307 2669 imprudentia
1332 2615 1409 2670 prie-

359 2692 376 2711 ··
397 2685 523 2740 latorum
552 2685 657 2740 merito
675 2686 786 2740 fuerint
809 2685 968 2755 arguenda,
989 2685 1039 2756 qui
1057 2683 1229 2738 Beatissimi
1252 2682 1408 2738 Benedicti

397 2769 542 2841 Regulam
554 2787 621 2834 non,
634 2775 669 2825 ut
680 2777 865 2842 congrueret,
876 2769 1067 2834 attendentes,
1080 2769 1217 2834 novitios,
1230 2768 1407 2838 priusquam

397 2861 511 2925 tempus
538 2853 717 2924 probationis
741 2855 773 2908 in
799 2854 942 2925 religione
970 2853 1190 2924 compleverint,
1223 2857 1276 2907 aut
1302 2858 1406 2908 votum

396 2938 596 3009 promissionis
615 2939 834 3013 emiserintad
853 2944 965 2994 secreta
984 2938 1113 3009 Capituli
1139 2937 1287 2992 audienda
1311 2937 1407 2992 solent

358 3028 376 3050 ‘⁸
396 3023 559 3088 admittere,
585 3024 788 3094 permittentes
813 3023 931 3078 eosdem
955 3041 1049 3093 usque
1068 3024 1099 3077 in
1116 3022 1204 3075 finem
1224 3021 1359 3092 Capituli
1376 3021 1406 3074 in

357 3113 375 3134 ‘⁶
396 3108 531 3179 Capitulo
543 3124 710 3173 remanere;
727 3109 892 3178 prasertim
905 3125 972 3163 cum
984 3106 1101 3177 Regula
1112 3112 1213 3161 nostra
1226 3104 1319 3160 dictet
1330 3104 1405 3160 tales

357 3197 374 3218 ‘⁶
395 3193 425 3247 in
450 3193 706 3264 congregationem
728 3193 838 3262 suscipi
864 3209 921 3246 non
949 3191 1063 3256 debere,
1092 3190 1277 3261 priusquam,
1305 3189 1406 3244 habita

356 3282 374 3302 ‘⁴
395 3294 494 3332 seeum
522 3275 740 3341 deliberatione,
773 3273 980 3347 ⁵promiserint
1010 3293 1042 3330 ee
1073 3275 1151 3330 velle
1181 3274 1281 3328 omnia
1308 3280 1405 3329 ousta·

357 3369 374 3386 ··
395 3361 457 3414 dire
479 3379 543 3431 quse
569 3362 600 3415 in
625 3361 690 3429 ipsa
707 3359 823 3431 Regula
848 3361 1043 3424 continentur,
1063 3365 1094 3413 et
1113 3365 1219 3413 cuneta
1237 3357 1296 3413 sibi
1313 3358 1405 3429 impe·

357 3450 374 3470 ¹·
395 3450 459 3499 rata
471 3463 587 3499 serrare
598 3463 705 3510 ;—nos,
715 3445 820 3498 talium
829 3445 1018 3515 praelatorum
1031 3443 1244 3515 negligentiam
1253 3449 1343 3513 atque
1352 3442 1405 3496 im·

356 3538 374 3554 ⁸·
394 3528 578 3599 prudentiam
586 3536 752 3599 arguentes,
765 3530 932 3594 statuimus,
948 3535 978 3584 et
990 3529 1021 3582 id
1033 3529 1064 3582 in
1078 3528 1205 3599 singulis
1214 3527 1403 3583 Monasteriis

357 3619 374 3638 ⁶·
394 3614 486 3666 nostri
505 3613 622 3667 Ordinis
645 3614 769 3669 firmiter
793 3613 944 3669 observari
968 3613 1165 3684 praecipimus,
1185 3619 1220 3666 ut
1242 3611 1350 3667 novitii
1368 3610 1404 3665 ed

357 3707 374 3722 ⁸·
394 3696 538 3751 audienda
551 3696 754 3768 Capitulorum
768 3704 889 3763 secreta,
904 3699 1077 3768 priusquam
1097 3696 1320 3768 professionem,
1334 3695 1404 3751 taci-

356 3789 372 3806 ‘·
394 3786 454 3836 tam
472 3781 520 3836 vel
540 3798 716 3851 expressam,
738 3783 898 3846 emiserint,
925 3783 1094 3837 nullatenus
1113 3781 1148 3835 de
1173 3787 1281 3836 oaetero
1299 3780 1404 3836 admit-

355 3872 372 3891 “
393 3870 512 3930 tantur;
533 3866 585 3920 sed
602 3866 680 3920 lecta
698 3868 728 3919 in
747 3867 893 3938 Capitulo,
914 3866 1000 3936 juxta
1017 3883 1139 3929 morem,
1159 3872 1241 3920 certa
1258 3864 1404 3936 particule

355 3956 372 3976 ‘⁴
394 3951 526 4022 Regula,
541 3950 638 4005 statim
651 3969 669 4005 a
681 3951 817 4020 Capitulo
830 3952 860 4004 in
872 3950 1035 4006 claustrum
1048 3969 1079 4006 se
1092 3951 1280 4015 transferant,
1293 3949 1403 4004 ibidem

355 4041 372 4061 ‘⁸
393 4053 486 4106 usque
499 4035 530 4089 in
542 4035 629 4089 finem
643 4034 771 4105 Capituli
785 4037 944 4091 moraturi:
971 4054 1008 4091 ne
1021 4037 1105 4099 forte,
1120 4034 1262 4090 suadente
1275 4034 1401 4098 diabolo,

355 4127 372 4146 ‘⁴
393 4139 441 4175 eos
455 4125 520 4174 ante
538 4120 750 4190 professionem
768 4121 919 4192 contingat
937 4122 975 4175 ad
993 4121 1134 4175 saeoulum
1146 4119 1253 4183 redire,
1265 4137 1300 4174 ao
1319 4119 1404 4190 Capi-

355 4210 372 4230 ‘·
394 4205 522 4259 tulorum
542 4210 664 4268 secreta,
685 4205 716 4258 in
734 4204 941 4275 prejudicium
961 4204 1088 4269 Ordinis,
1109 4204 1176 4259 aliis
1194 4203 1342 4259 revelare.

390 4289 519 4344 “Porro
546 4308 613 4345 oum
640 4291 672 4343 in
702 4289 901 4345 Benedictinis
924 4288 1187 4345 Constitutionibus
1218 4287 1342 4360 provide
1365 4287 1405 4344 sit

355 4378 372 4400 ‘⁶
394 4381 544 4437 statutum,
565 4381 599 4429 ut
615 4375 715 4429 nullus
734 4375 894 4429 monachus
915 4381 1021 4429 nostrae
1040 4374 1193 4444 religionis
1213 4372 1249 4427 de
1269 4373 1402 4436 ecelesia,

387 4546 393 4577 ¹
406 4549 454 4597 uisi
466 4547 493 4597 in
505 4550 560 4600 MS.
935 4550 945 4579 ³
957 4550 1082 4599 reiteraret
1094 4550 1121 4599 in
1132 4549 1188 4602 MS.

385 4626 450 4677 ²sut
461 4629 483 4678 is
494 4628 601 4680 inserted
618 4629 701 4681 before
719 4629 767 4682 this
785 4631 853 4680 word
936 4629 945 4660 ⁴
958 4631 1085 4678 ardutate
1095 4630 1123 4678 in
1133 4630 1189 4680 MS.

351 4695 379 4756 in
391 4705 433 4755 the
445 4706 509 4766 MS,
528 4707 561 4773 by
573 4708 753 4762 inadvertence.
936 4710 946 4741 ⁵
953 4710 1111 4774 pernimis
1120 4709 1146 4758 in
1158 4708 1215 4760 MS.
