3038 5452
424 717 639 767 uonssraun
661 718 785 768 seueri
807 717 943 768 sinam.
1139 704 1207 776 427

156 911 176 934 “
197 913 241 949 -‘
257 907 401 962 Dominus
418 906 593 973 vobiscum,’
613 915 644 962 et
671 907 813 973 Colleota,
833 913 868 962 ut
885 907 922 962 ad
945 907 1043 963 Horas
1060 907 1213 978 regulares
1242 910 1363 972 Thomas,

157 994 177 1019 ‘⁴
197 999 243 1048 est
256 992 394 1064 superins
413 998 623 1062 expressatum
663 990 698 1046 In
717 992 814 1047 Festis
833 998 930 1047 antem
949 992 1164 1064 Principalibus
1177 991 1214 1045 ad
1254 977 1332 1094 Aa&

157 1080 177 1103 “
197 1083 348 1148 utrasque,
368 1076 527 1146 Vesperas,
548 1077 720 1140 Matutinus,
743 1082 777 1130 et
794 1076 919 1132 Missam
936 1076 1089 1147 Majorem,
1112 1076 1212 1131 Abbas
1269 1050 1348 1160 AB?

133 1164 137 1171 '
157 1163 177 1187 ‘⁸
197 1161 434 1225 officinmfaoiet,
450 1162 522 1216 etin
541 1161 604 1230 ejus
624 1161 760 1216 absentia
771 1160 867 1216 Prior.
906 1160 1038 1216 Absente
1050 1178 1122 1216 vero
1133 1166 1212 1216 utro·
1246 1181 1368 1228 lats-ue.

157 1249 176 1271 ‘⁶
197 1263 263 1316 que,
283 1246 362 1301 dicet
379 1245 506 1300 offioium
524 1245 618 1316 major
637 1252 736 1300 eustos
749 1244 934 1316 Ordinisqui
952 1263 1082 1316 praesens
1101 1245 1211 1309 fuerit3
1269 1271 1336 1284 —

158 1331 178 1355 ‘⁶
198 1336 229 1384 et
251 1330 283 1384 in
306 1330 394 1385 dietis
419 1329 516 1384 Fastis
541 1319 770 1400 Principalibus,
791 1329 874 1384 finita
890 1330 1048 1401 prinoipali
1067 1329 1209 1392 Oolleete,

157 1414 342 1484 “laetisque
366 1413 700 1468 Commemorationibns
727 1413 909 1477 Sanctorum,
935 1413 961 1469 si
985 1413 1049 1469 dies
1071 1413 1209 1485 requirit,

158 1500 178 1523 “
198 1503 360 1568 sequuntur
378 1504 493 1552 tantum
512 1496 663 1552 Memoriae
682 1498 886 1568 infreseriptae,
901 1514 955 1568 per
967 1498 1109 1562 ordinem,
1123 1504 1212 1569 prout

159 1585 178 1606 “
198 1581 275 1636 infra
292 1582 509 1637 scribuntur.-

195 1667 215 1691 ‘⁴
235 1665 345 1729 Primo,
365 1665 401 1719 do
426 1666 570 1720 Trinitate
595 1673 625 1720 et
649 1664 685 1719 de
710 1665 815 1729 Grues,
835 1683 904 1720 eum
921 1667 1049 1736 tempori
1067 1683 1210 1736 congrue·
1225 1682 1267 1730 on
1278 1679 1320 1730 ὡς
1331 1680 1380 1729 (1110

160 1751 180 1774 ‘⁴
200 1749 277 1812 rint,
296 1755 407 1819 postea,
428 1749 464 1802 (16
485 1748 592 1804 Sancta
610 1748 715 1811 Maria,
729 1748 765 1802 de
779 1748 886 1804 Sancto
898 1748 1022 1813 Albano,
1037 1749 1090 1804 ¹de
1104 1749 1211 1805 Sancto
1225 1745 1332 1824 readipg
1342 1747 1375 1796 of

159 1835 179 1857 “
198 1832 385 1902 Amphibe10,
406 1832 489 1886 etde
509 1832 652 1887 Omnibus
673 1831 797 1887 Sanctis.
844 1832 979 1902 Reliquis
998 1851 1068 1888 vero
1095 1833 1199 1888 diebus
1224 1820 1321 1862 ‘emm

1202 1874 1209 1898 t

159 1917 179 1942 ‘⁴
201 1921 260 1970 tam
278 1917 392 1970 festivis
407 1935 495 1987 quem
513 1916 676 1981 ferialibus,
692 1917 752 1971 sint
768 1916 834 1970 istas
847 1915 1145 1972 Commemorationes
1158 1935 1211 1988 per
1224 1879 1368 1998 ἓζᾞὲι

160 2001 180 2026 “
200 1999 416 2063 ordinem—de
435 2000 579 2055 Trinitate
599 2005 629 2054 et
647 2000 683 2053 de
702 1999 807 2063 Oruee,
823 2017 890 2053 enm
903 1999 958 2054 hoo
976 2006 1093 2072 tempus
1111 2006 1210 2072 postu·

161 2087 180 2110 “
201 2083 325 2147 laverit;
340 2083 445 2138 deinde
458 2083 494 2137 de
509 2085 617 2139 Sancta
628 2083 733 2148 Maria,
748 2083 784 2137 de
799 2082 906 2138 Sancto
915 2083 1040 2149 Albano,
1054 2084 1090 2138 de
1104 2083 1211 2139 Sancto

160 2171 180 2194 ‘⁴
200 2167 369 2230 Benedieto,
392 2165 399 2196 ¹
412 2167 448 2221 de
469 2167 576 2222 Sancto
587 2167 774 2239 Amphiba10,
790 2167 825 2220 (16
846 2167 953 2223 Sancto
966 2167 1091 2232 Oswino,
1106 2169 1142 2223 de
1155 2169 1211 2223 Re·

160 2255 180 2279 “
200 2251 311 2321 liquiis,
332 2251 415 2305 etde
435 2250 577 2305 Omnibus
598 2250 730 2315 Sanctis;
750 2255 780 2305 et
798 2250 835 2304 ad
847 2250 979 2321 singulas
993 2252 1115 2307 istorum
1128 2259 1213 2309 curta

161 2338 181 2361 “
201 2333 297 2388 Venia
315 2335 351 2388 ab
370 2334 505 2388 omnibus
524 2334 666 2405 cupiatur.

197 2422 216 2444 “
235 2417 324 2489 Apud
341 2418 543 2488 Tynemonthe
561 2436 640 2482 vero,
656 2436 723 2472 eum
735 2419 777 2472 ibi
791 2435 897 2490 eorpus
910 2419 996 2474 Beati
1008 2418 1128 2491 Oswyni
1140 2439 1213 2492 prae·

161 2505 181 2529 “
202 2501 365 2557 sentialiter
377 2502 614 2572 requiescat‚fiet
634 2502 698 2574 ejus
719 2501 965 2557 Commemoratio
985 2504 1092 2558 cotidie
1114 2507 1214 2560 statim

161 2590 267 2657 “post
291 2585 604 2641 commemorationem
632 2586 731 2640 Beutoe
757 2585 912 2656 Virginis;
938 2592 968 2641 et
993 2587 1071 2657 apud
1096 2588 1212 2643 Bellum

162 2675 181 2698 “
201 2669 321 2734 Looum,
341 2688 408 2725 oum
427 2671 469 2725 ibi
488 2669 613 2725 ecelesia
625 2670 724 2724 Beatre
737 2669 841 2724 Mariae
853 2669 1038 2740 Magdalenre
1052 2670 1212 2737 dedicetur,

162 2757 181 2781 “
202 2753 327 2809 addatur
345 2754 452 2809 cotidie
472 2752 718 2808 commemoratio
737 2753 773 2807 (16
793 2771 836 2817 ea,
858 2771 923 2824 quae
942 2761 1008 2808 ante
1033 2753 1214 2811 Commemo-

163 2839 342 2894 “rationem
362 2838 566 2908 Reliquiarnm
593 2837 717 2892 dioatnr.
756 2837 872 2893 (latere
897 2855 967 2892 vero
992 2839 1024 2891 in
1048 2839 1116 2894 eliis
1140 2839 1213 2896 locis

162 2926 181 2950 “
200 2928 308 2978 nostrie
338 2921 530 2992 professionis
558 2922 745 2976 uniformiter
763 2928 979 2993 prosequentur
993 2925 1048 2989 ;—‘
1062 2922 1214 2978 Michael'

162 3011 181 3034 ‘⁴
202 3023 281 3070 vero,
301 3012 332 3061 et
356 3014 470 3068 caetera,
497 3005 613 3076 penitus
639 3006 819 3069 omittantur,
840 3011 874 3060 ut
892 3006 935 3061 sio
961 3011 1081 3078 propter
1104 3012 1213 3061 tantam

163 3096 182 3119 “
201 3090 377 3162 prolixitatis
394 3090 609 3153 remissionem,
624 3088 765 3144 Divinum
779 3088 915 3144 Officium
933 3090 1067 3145 devotius
1086 3091 1213 3145 eelebre-

163 3182 182 3204 “
202 3183 251 3231 tur
270 3191 358 3245 quam
377 3174 499 3229 solebat.

199 3263 219 3287 “
238 3259 313 3314 Cum
331 3267 420 3329 eaput
438 3258 522 3312 Beati
541 3257 673 3311 Maohuti
692 3256 874 3311 Confessoris
894 3258 1041 3312 internos
1059 3257 1211 3325 habentur,

162 3348 182 3372 ⁴‘
203 3342 280 3414 quod
299 3343 370 3397 satis
388 3340 566 3396 venerabilis
584 3339 712 3410 reliquia
730 3340 836 3394 merito
854 3340 913 3396 diei
938 3340 1034 3404 debet,
1055 3342 1212 3398 statuimus

161 3433 178 3457 ‘⁶
199 3433 229 3482 et
246 3424 413 3481 ordinemus
432 3429 466 3479 ut
483 3441 589 3479 nomen
607 3423 741 3493 ejusdem
761 3423 861 3479 Sanoti
873 3425 905 3478 in
916 3423 1049 3489 Letania,
1063 3425 1211 3492 videlieet,

163 3516 183 3542 ‘⁶
203 3509 370 3566 immediate
388 3514 455 3579 post
473 3508 596 3562 Beatum
615 3507 795 3579 Remigium,
816 3507 971 3573 inseratur,
987 3514 1016 3562 st
1034 3508 1137 3564 amodo
1160 3528 1214 3581 per

163 3600 183 3625 ‘⁶
202 3596 297 3667 ipsius
325 3592 600 3655 denominationem,
628 3609 696 3647 enm
723 3591 791 3646 aliis
821 3590 947 3657 Sanctis,
979 3591 1044 3663 ejus
1071 3594 1213 3650 auxilinm

164 3683 185 3709 ‘⁴
204 3680 388 3751 imploretur.

196 3888 247 3954 De
272 3885 596 3953 conmemoratione
619 3884 744 3952 Seresti
766 3885 1199 3973 Benedicti-Copt'tuloan

612 3987 763 4054 scetem.

200 4166 220 4192 ‘⁶
240 4163 355 4235 Ingrati
367 4163 447 4216 enim
459 4162 596 4217 videntur
609 4162 672 4225 tilii,
688 4162 739 4231 qui
758 4163 850 4232 petris
870 4180 970 4216 eornm
989 4162 1212 4227 obliviscuntur,
1227 4173 1268 4224 On
1280 4173 1323 4224 the
1333 4177 1381 4228 dne

163 4252 183 4277 “
201 4253 231 4304 et
247 4264 408 4303 oonsonum
426 4246 532 4300 rationi
550 4253 697 4316 putemus,
718 4251 752 4300 ut
776 4247 827 4316 qui
852 4246 977 4317 alicujus
996 4246 1127 4317 gaudent
1148 4264 1215 4316 pro·
1227 4239 1342 4292 &mme-

166 4335 186 4360 “
206 4333 343 4397 tectione,
375 4331 540 4402 gratiarum
566 4330 695 4384 notiones
722 4329 860 4384 studeant
886 4331 1006 4384 referre.
1051 4330 1092 4385 Ut
1122 4331 1214 4401 igitur
1226 4308 1353 4425 3⁰33?

952 4463 985 4469 --
997 4463 1173 4473 ·--——
1227 4440 1357 4496 Benediet.

193 4560 201 4592 ¹
215 4559 299 4611 These
310 4561 379 4611 three
391 4560 473 4609 words
481 4573 524 4608 are
536 4559 639 4608 omitted
647 4558 674 4607 in
707 4557 735 4607 in
746 4572 761 4606 a
772 4557 908 4607 someirhst
919 4558 983 4606 later
992 4555 1068 4607 hand.

164 4638 210 4691 the
221 4647 284 4702 text,
294 4640 341 4690 bnt
351 4639 459 4690 inserted
477 4638 504 4687 in
515 4639 557 4688 the
569 4637 673 4702 margin,
