3038 5452
422 732 632 784 uonssrnsu
655 730 779 782 ssucrr
801 729 939 780 masur.
1139 717 1204 783 423

155 926 177 947 ‘⁵
196 921 313 977 dicatur
331 919 368 975 sd
385 919 533 990 Vesperas
552 923 582 973 et
600 917 637 972 ad
655 917 858 981 Noetmnum;
878 916 972 971 altera
990 932 1061 971 vero
1078 932 1146 986 pars
1164 912 1207 967 di·
1239 916 1357 980 Thomu,

155 1009 177 1031 “
198 1008 281 1060 catur
300 1003 337 1058 ad
354 1003 479 1059 Laudes.
519 1002 552 1058 Si
570 1019 641 1057 vero
661 1001 818 1072 ¹Hymnns
839 1000 982 1056 dividitur
1002 1000 1034 1055 in
1059 1006 1118 1054 tres
1143 1015 1208 1070 par·
1250 986 1330 1103 iffi

156 1093 177 1114 “
198 1095 253 1152 tes,
280 1088 376 1159 prima
399 1105 467 1158 pars
492 1086 627 1158 ejusdem
645 1085 761 1141 dicatur
784 1084 824 1140 ed
845 1084 1004 1155 Vesperas,
1025 1082 1152 1139 secunda
1171 1081 1209 1136 ad
1264 1060 1345 1174 AB}

156 1176 177 1200 ‘¹
197 1172 392 1235 Nocturnum,
411 1172 500 1227 tertia
517 1169 701 1235 adLaudes;
728 1170 874 1225 orationes
898 1174 996 1226 autem
1015 1168 1147 1240 proprias
1172 1165 1209 1221 ad
1244 1191 1365 1238 lstt-as.

157 1260 177 1282 “
198 1256 365 1312 Nocturnos
392 1255 423 1310 in
441 1255 576 1311 omnibus
602 1254 698 1310 tribus
717 1253 915 1317 Lectionibus,
936 1253 999 1308 sive
1024 1251 1060 1307 de
1082 1250 1207 1315 Sanctis,
1266 1287 1333 1297 —

159 1344 178 1366 ·‘
199 1342 263 1396 sire
288 1340 324 1394 de
351 1340 443 1402 feriis,
464 1340 637 1402 celebretur,
657 1337 775 1409 penitus
794 1355 962 1403 cassamus;
988 1337 1155 1392 ordinantes
1175 1341 1210 1390 ut

160 1428 180 1451 ‘⁴
200 1425 231 1479 in
258 1424 390 1479 omnibns
418 1424 513 1478 tribus
540 1422 740 1487 Lectionibus,
766 1440 819 1494 per
844 1428 938 1477 totum
963 1422 1031 1477 anni
1054 1422 1207 1485 circulum,

161 1511 180 1534 ·‘
201 1507 295 1563 oratio
312 1507 483 1578 principalis
502 1525 568 1576 qum
586 1507 684 1562 fumat
708 1506 746 1561 ad
771 1505 887 1561 Laudes
914 1512 944 1561 et
968 1505 1075 1572 Horas,
1095 1505 1210 1562 dicatu

161 1596 181 1619 “
202 1592 291 1646 etiam
314 1591 351 1646 ad
368 1592 561 1648 Nocturnum.
601 1589 755 1645 Praedictis
780 1590 870 1645 etiam
896 1590 1062 1661 adjicimus,
1090 1595 1120 1644 et
1144 1608 1209 1646 con·

159 1680 178 1704 “
197 1678 318 1731 veniens
344 1693 408 1732 esse
432 1676 611 1747 judicamus,
632 1680 666 1730 nt
684 1675 762 1730 omni
788 1681 921 1744 tempore
948 1692 1007 1745 quo
1033 1672 1156 1729 Letania
1179 1675 1210 1728 in

162 1766 181 1788 ‘⁶
203 1761 355 1816 Conventa
380 1760 418 1815 ad
442 1760 573 1814 Primam
598 1760 749 1822 recitetur,
770 1758 884 1813 etiamsi
910 1758 1000 1813 fuerit
1024 1758 1101 1813 infra
1127 1758 1210 1814 Octa·

162 1849 181 1872 ‘⁶
202 1845 255 1900 bas
283 1844 408 1915 alicujus
435 1844 523 1910 Festi,
544 1849 628 1898 curta
653 1843 689 1896 ab
718 1842 853 1896 omnibus
872 1858 961 1912 super
985 1843 1093 1897 formas
1117 1842 1212 1898 Venia

163 1933 183 1957 “
203 1928 344 1999 capiatur.

185 2139 237 2203 De
259 2135 510 2202 Festioitutibus
532 2107 1000 2220 Sanctorum—Oopitulom'
1017 2132 1177 2200 Tertium.

203 2276 221 2299 “
241 2273 325 2328 Licet
341 2272 483 2326 bonorum
508 2288 629 2341 opernm
647 2270 868 2334 Remunerator,
889 2271 966 2324 facta
983 2275 1152 2325 cunctorum
1179 2269 1215 2324 de
1234 2282 1275 2333 οη
1285 2282 1366 2333 Μ.

165 2361 185 2384 ·‘
207 2357 277 2412 altis
295 2356 488 2428 prospiciens,
509 2355 661 2410 ministros
681 2371 750 2410 suos
772 2370 872 2408 omnes
896 2352 1084 2409 beatitudinis
1112 2353 1218 2409 efficiat
1230 2350 1345 2401 valeand

161 2446 182 2468 “
203 2457 397 2512 possessores,
412 2439 479 2494 illos
492 2444 591 2494 tamen
603 2438 734 2493 uberiori
746 2438 939 2508 praemiorum
950 2438 1140 2494 retributione
1151 2455 1217 2508 pro·
1231 2416 1384 2482 ΗΟῙΥΒΨ·

165 2528 184 2552 ·‘
207 2525 348 2595 sequitur,
369 2541 442 2595 quos
469 2523 618 2594 ingentior
636 2521 820 2576 commendat
842 2521 1014 2577 excellentia
1033 2522 1215 2577 meritorum.

164 2612 184 2635 ·‘
205 2608 294 2662 Alma
311 2608 405 2678 igitur
416 2607 513 2661 Mater
525 2605 668 2669 Ecclesia,
681 2605 745 2675 ejus
758 2623 842 2660 sacra
857 2623 983 2675 sequens
1000 2607 1136 2677 vestigia,
1157 2623 1218 2660 cer·

164 2698 185 2720 ‘⁴
206 2701 304 2748 torum
317 2691 490 2748 Sanctorum
508 2691 684 2747 festivitates
695 2690 853 2760 praecipuis
866 2691 996 2747 instituit
1013 2691 1107 2747 attolli
1125 2691 1219 2746 laudi·

166 2782 187 2805 ·‘
208 2779 273 2841 bus,
301 2781 332 2830 et
359 2775 561 2846 spiritualibus
592 2774 740 2844 disposuit
772 2775 932 2831 honoribus
959 2776 1102 2832 venerari.
1149 2775 1218 2830 Hiis

166 2872 186 2889 ¹·
208 2863 301 2932 igitur
320 2860 432 2915 inducti
450 2859 602 2930 exemplis,
623 2860 791 2930 sanctisque
810 2861 941 2930 patronis
960 2862 1077 2926 nostris,
1099 2861 1150 2932 qui
1168 2879 1220 2930 per

168 2953 187 2974 ⁶·
210 2945 355 3017 gloriosas
375 2945 506 3015 ipsorum
533 2942 675 3013 reliquias
700 2944 765 2998 loca
787 2949 888 2998 nostra
911 2944 1093 3008 decorarunt,
1118 2944 1220 2998 laudes

168 3035 188 3057 ‘²
210 3029 379 3100 impendere
403 3028 581 3090 affectantes,
602 3027 759 3083 statuimus
777 3033 812 3082 nt
829 3029 906 3082 inter
924 3029 1022 3083 omnia
1038 3029 1128 3084 totius
1153 3029 1221 3083 anni

168 3117 189 3140 “
211 3113 308 3178 Festa,
336 3111 515 3184 principalis
534 3111 624 3166 Festa
649 3111 824 3166 Natiuitatis
843 3112 971 3176 Domini,
993 3113 1122 3178 Paschae,
1145 3114 1220 3167 Pen-

168 3210 188 3224 ··
211 3203 344 3261 ιουοεῖοε,
364 3196 582 3266 Assumptionis
600 3196 700 3251 Beatae
718 3194 832 3260 Marito,
852 3204 882 3250 et
900 3197 1048 3252 Passionis
1066 3198 1151 3252 Beati
1169 3197 1221 3251 Al·

169 3285 190 3309 ·⁴
210 3282 289 3345 bani,
314 3280 435 3336 Patroni
459 3280 552 3335 nostri
578 3279 725 3351 specialis,
750 3280 782 3334 in
800 3280 1024 3351 pulsationibus,
1049 3282 1219 3346 luminibus,

169 3381 188 3392 ··
210 3374 241 3422 ot
260 3365 374 3422 ceteris
399 3365 544 3429 omnibns,
564 3364 712 3437 praecipua
735 3371 766 3418 et
784 3365 975 3421 celeberrima
997 3366 1166 3431 habeantur,
1188 3385 1222 3423 ac

169 3466 188 3478 ··
210 3469 278 3506 cum
297 3468 412 3507 summa
429 3449 616 3505 veneratione
636 3448 797 3505 studiosius
816 3450 1007 3506 celebrentur.
1046 3451 1222 3507 Ordinamus

171 3542 189 3563 ‘·
211 3536 310 3600 otiam,
336 3540 371 3590 ut
393 3534 430 3588 de
456 3533 638 3589 dedicatione
656 3534 797 3590 Ecclesia
820 3541 937 3600 nostre,
967 3554 1032 3607 quas
1060 3544 1106 3592 est
1130 3543 1223 3593 mater

172 3625 192 3647 ‘⁶
213 3620 363 3675 Gallorum
385 3624 561 3683 nostrarum,
592 3619 677 3673 nobis
705 3619 913 3690 subjectarum,
935 3622 1031 3687 modo,
1054 3623 1165 3687 ordine,
1195 3628 1225 3678 et

171 3714 191 3731 ⁶·
212 3711 351 3775 tempore,
372 3703 479 3773 quoin
499 3706 598 3757 nostro
618 3702 796 3759 Monasterio
817 3704 991 3771 celebratur,
1012 3713 1042 3761 et
1060 3707 1091 3761 in
1111 3707 1224 3762 cunctis

175 3799 193 3815 ··
216 3788 307 3842 Collis
320 3788 375 3842 sub
387 3793 488 3843 nostra
499 3787 666 3842 obedientia
678 3788 855 3853 constitutis,
877 3789 912 3842 do
926 3796 1030 3845 caetero
1042 3792 1223 3856 celebretur3

172 3879 192 3901 ⁶⁶
212 3880 246 3927 ut
264 3873 306 3928 sic
325 3872 427 3928 eodem
446 3871 494 3928 die
513 3889 566 3944 per
583 3878 676 3927 totam
694 3879 826 3929 nostram
843 3875 1055 3944 professionem
1082 3876 1119 3930 de
1137 3877 1225 3931 Festo

175 3961 194 3983 ‘⁶
216 3955 415 4012 Dedicationis
435 3956 567 4011 ecclesias
596 3961 704 4011 nostrae
733 3957 949 4012 solemnizetur.
1004 3959 1039 4012 In
1068 3960 1129 4013 illis
1155 3976 1225 4014 vero

175 4045 194 4068 ·‘
215 4040 288 4095 locis
312 4041 364 4095 nbi
392 4041 529 4095 ecclesias
555 4040 664 4095 habent
691 4041 848 4107 dedicatas,
878 4043 1045 4098 ordinemus
1073 4050 1106 4098 ut
1131 4044 1226 4098 solum

176 4128 195 4152 ‘⁶
216 4124 247 4178 in
266 4124 314 4178 die
334 4124 525 4180 dedicationis
551 4124 701 4179 celebrent
719 4125 755 4179 de
774 4126 955 4182 dedicatione
980 4126 1120 4197 ejusdcm,
1142 4128 1225 4182 omit-

176 4212 196 4236 “
216 4207 304 4264 tendo
323 4208 458 4265 Octavas.
498 4208 619 4265 Oaeteris
647 4227 717 4266 vero
736 4210 838 4265 diebus
863 4228 916 4283 per
933 4211 1152 4277 hebdomadam,
1176 4212 1228 4267 fiat

176 4292 372 4348 “servitium
394 4293 430 4347 de
450 4292 575 4357 Sanctis,
600 4293 649 4348 vel
668 4294 751 4358 alias,
771 4299 860 4365 prout
883 4299 997 4367 tempus
1022 4295 1225 4366 postulaverit.

178 4381 197 4405 ‘⁶
218 4377 258 4432 Et
275 4382 310 4431 ut
326 4377 409 4432 nulla
425 4378 503 4433 inter
521 4396 574 4432 nos
587 4378 617 4432 in
630 4377 737 4432 Divino
751 4378 851 4433 Officio
870 4379 1065 4450 discrepantia
1076 4380 1227 4447 habeatur,

178 4465 197 4490 ‘⁸
218 4462 315 4516 omnia
334 4462 408 4518 feste
425 4462 516 4517 totins
535 4463 613 4527 anni,
633 4462 670 4516 de
695 4462 802 4531 quibus
827 4464 1007 4534 temporibus
1026 4463 1131 4522 futuris
1152 4466 1229 4521 inter

184 4594 257 4601 4.-
533 4595 665 4604 m-

618 4684 624 4714 ¹
645 4682 755 4748 Ympuus
766 4684 854 4735 inMS.
