3038 5452
329 701 392 764 356
704 717 810 767 aesna
832 717 995 770 maurnai

176 895 335 1012 Mwbtalfl‘
338 898 561 964 Abbatiset
548 906 707 979 tccaffitcrc
723 909 921 989 temporeJ
893 905 1038 969 eusdem
1063 856 1162 992 Regis
1185 910 1214 970 ct
1236 910 1375 981 coeoeam

195 1029 290 1093 Abbot
329 1006 403 1065 “et
434 1002 594 1080 similiter,
618 1005 771 1089 quaedam
803 1007 964 1093 Philippa,
987 1008 1057 1072 filia
1088 1013 1124 1071 et
1158 1007 1263 1072 haeres
1293 1029 1376 1094 prae·

179 1094 450 1238 ¹³²351->49dicti
475 1103 771 1192 Hugonis‚seisita
801 1108 866 1174 fuit
896 1110 937 1174 de
965 1110 1123 1196 praedicto
1159 1109 1295 1175 redditu
1317 1130 1376 1195 per

205 1255 271 1266 -.
329 1210 488 1270 “manus
514 1228 564 1293 cuj
557 1207 682 1272 usdam
699 1209 828 1297 Rogeri,
851 1212 1019 1296 quondam
1033 1212 1177 1277 Abbatis
1193 1212 1234 1278 dc
1251 1211 1374 1277 Sancto

328 1313 346 1341 “
369 1308 507 1386 Albano,
529 1311 771 1397 praedecessoris
793 1313 889 1378 istius
912 1313 1108 1378 Abbatisct
1095 1321 1265 1392 t,coetcrc
1291 1320 1375 1379 tem·

328 1416 345 1444 “
367 1433 446 1496 pore
478 1410 636 1476 Edwardi
675 1414 782 1501 Regis,
817 1415 923 1501 patris
961 1414 1098 1480 Domini
1137 1416 1238 1502 Regis
1276 1437 1372 1494 nunc,

327 1521 345 1547 “
366 1520 396 1578 et
418 1520 535 1578 ccatara
546 1539 559 1593 ;
599 1520 633 1580 et
663 1517 763 1580 etiam
792 1518 930 1603 ipsemet
968 1518 1097 1582 saisitus
1135 1518 1177 1582 de
1214 1517 1374 1604 praedicto

326 1616 500 1680 “redditu
530 1638 587 1703 per
613 1639 729 1682 manus
758 1619 856 1684 istius
886 1619 1038 1696 Abbatis,
1061 1641 1164 1705 usque
1195 1621 1238 1684 ad
1268 1641 1371 1683 unum

327 1727 342 1751 “
366 1740 490 1783 annum
512 1724 589 1783 unte
619 1719 705 1783 diem
735 1721 979 1807 impetrationis
1000 1721 1110 1786 brevis
1140 1722 1192 1785 sui
1204 1746 1212 1800 ;
1241 1722 1371 1797 scilicet,

326 1829 344 1855 “
366 1827 520 1886 octavum
535 1822 623 1887 diem
639 1821 799 1898 Octobris,
816 1846 902 1888 anno
925 1824 1018 1910 regni
1035 1823 1135 1908 Regis
1150 1845 1240 1888 nunc
1256 1829 1370 1889 octavo

326 1932 342 1957 “
365 1925 497 1991 decimo.

369 2027 508 2107 “Quod
533 2027 711 2113 praedictus
741 2028 854 2093 Abbas
884 2028 1079 2114 praedictum
1109 2028 1278 2093 redditum
1309 2018 1369 2114 ipsi

323 2136 340 2164 “
363 2128 510 2194 «Iohanni
533 2130 711 2206 subtraxit,
727 2136 761 2195 et
776 2131 870 2195 illum
894 2131 924 2195 ei
947 2131 1083 2196 reddere
1105 2130 1318 2207 contradixit,
1335 2141 1368 2194 et

323 2240 339 2265 “
363 2232 470 2297 adhuc
485 2232 682 2297 contradicit
695 2258 703 2313 ;
725 2233 814 2297 unde
829 2232 909 2299 dicit
924 2234 1013 2318 quod
1029 2233 1249 2298 deteriora-tus
1266 2230 1366 2318 ¹[est],

325 2341 343 2371 “
366 2341 400 2399 et
415 2334 571 2398 damnum
594 2335 703 2413 habet,
720 2335 763 2399 ad
777 2336 959 2400 valentiam
974 2335 1095 2421 viginti
1110 2335 1279 2400 librarum.
1324 2334 1365 2397 Et

323 2445 340 2472 ⁴‘
363 2437 440 2502 inde
462 2437 614 2523 producit
636 2444 767 2517 sectam,
790 2445 818 2503 ct
842 2445 965 2503 ccetcru.

386 2673 572 2762 Responsio
594 2681 624 2740 ct
641 2674 821 2759 ⁸iudi-ciunt
842 2696 944 2759 saepae·
961 2655 1091 2761 placito
1110 2683 1308 2761 parcenototo.

368 2852 383 2876 “
408 2843 453 2907 Et
475 2841 588 2906 Abbas
610 2863 668 2926 per
691 2841 849 2905 Thomam
873 2841 912 2905 de
936 2840 1140 2928 Harpesfeld,
1164 2849 1361 2909 ottomatum

322 2951 340 2981 “
363 2967 469 3023 suum,
494 2943 598 3019 venit,
614 2950 649 3008 et
673 2943 822 3007 defendit
846 2943 912 3006 vim
939 2950 974 3008 et
996 2944 1162 3028 injuriam,
1187 2948 1323 3030 quando
1335 2951 1361 3009 et

321 3053 487 3113 “ecetera.
533 3046 578 3110 Et
601 3045 792 3130 dicitquod
815 3044 991 3130 praedictus
1013 3045 1183 3112 Johannes
1205 3048 1291 3113 nihil
1311 3069 1361 3112 ex·

324 3152 450 3237 “igere
481 3153 590 3235 potest
624 3149 664 3213 de
695 3149 851 3234 praedicto
874 3148 1015 3226 redditu,
1040 3157 1069 3213 et
1092 3157 1216 3214 coeteru
1278 3151 1362 3215 Dicit

322 3262 339 3286 “
362 3253 450 3318 enim
473 3252 560 3338 quod
590 3251 677 3316 idem
706 3251 730 3315 J
732 3251 876 3316 ohannes
906 3273 963 3336 per
992 3251 1149 3336 scriptum
1185 3254 1311 3316 remisit
1330 3259 1361 3314 et

322 3365 338 3389 “
362 3357 510 3440 quietum
532 3354 697 3430 clamavit,
713 3375 771 3439 pro
795 3375 837 3430 se,
853 3359 887 3417 ct
910 3353 1102 3432 haeredibus,
1127 3361 1161 3419 et
1184 3355 1361 3419 executori-

320 3466 336 3492 “
359 3457 429 3533 bus,
446 3461 480 3521 et
502 3456 677 3542 assignatis
699 3456 773 3531 suia,
790 3455 825 3517 in
848 3467 1041 3540 perpetuum
1065 3456 1223 3541 praedicto
1239 3455 1361 3522 Abbati

319 3566 336 3593 “
360 3557 401 3621 de
424 3557 545 3622 Sancto
568 3557 707 3633 Albano,
723 3563 757 3621 et
779 3557 1015 3622 successoribus
1038 3558 1115 3635 suis,
1130 3563 1240 3622 totum
1259 3559 1361 3644 juset

319 3669 335 3694 ·‘
357 3659 511 3724 clamium
534 3681 608 3743 quae
631 3659 756 3735 habuit,
775 3661 827 3724 vel
849 3659 959 3744 aliquo
983 3661 1080 3724 modo
1103 3661 1223 3725 habere
1246 3661 1360 3748 potuit,

319 3773 336 3798 “
359 3763 394 3826 in
417 3760 576 3848 praedicta
598 3783 710 3826 annua
732 3762 888 3846 pensione
904 3763 1136 3847 praedictarum
1153 3763 1266 3828 decem
1281 3786 1362 3828 mar-

319 3874 335 3898 “
359 3886 494 3942 oarum;
516 3864 566 3927 ita
588 3862 677 3949 quod
706 3884 766 3928 nec
796 3863 873 3949 ipse,
897 3885 957 3928 neo
987 3865 1141 3943 haeredes,
1165 3873 1360 3939 executores,

318 3977 334 4001 “
357 3967 409 4032 vel
432 3965 592 4051 assignati
616 3965 676 4043 sui,
692 3965 733 4028 de
756 3972 873 4030 caetero
895 3966 1088 4052 praedictam
1111 3969 1313 4052 pensionem,
1327 3969 1359 4031 in

317 4080 333 4104 “
357 4076 428 4135 toto
452 4067 506 4133 vel
529 4069 562 4131 in
586 4073 688 4153 parte,
712 4067 844 4153 exigere
868 4066 921 4131 vel
945 4069 1120 4133 vendicare
1144 4077 1305 4155 poterunt
1326 4069 1359 4133 iu

316 4174 513 4238 “futurum
575 4171 631 4235 Ita
661 4170 750 4256 quod
772 4171 884 4235 omnia
906 4171 1114 4236 munimenta
1137 4172 1262 4237 dictam
1286 4194 1359 4260 peu·

315 4286 331 4309 “
355 4277 479 4341 sionem
503 4273 737 4359 contingentia,
761 4294 859 4358 penes
882 4293 916 4336 se
938 4273 991 4337 vei
1016 4273 1158 4358 aliquem
1182 4274 1356 4351 haeredum,

314 4388 330 4410 “
353 4379 405 4442 vel
428 4383 647 4453 executorem,
670 4375 723 4440 vel
745 4375 988 4462 assignatorum
1019 4398 1152 4440 suorum
1174 4376 1356 4451 residentia,

311 4548 335 4552 ...
345 4548 441 4555 ἡ,
800 4546 908 4552 ...-....
921 4545 1019 4552 ..--.--
1238 4542 1350 4553 --ae-

709 4636 714 4664 ¹
729 4633 840 4685 Omitted
852 4632 877 4682 in
888 4633 945 4682 MS.
