3038 5452
322 699 385 760 30⁶2
701 709 807 758 unsre
832 708 994 757 assurum

170 911 291 971 meme,
321 899 386 963 tori
410 898 576 984 praecipuo
599 897 776 984 religionis,
799 905 834 962 et
857 898 893 961 in
914 898 1105 962 litteratura
1126 896 1273 961 maxime
1294 914 1370 982 pne·

182 978 277 1105 Affi,
322 1001 461 1080 cellenti,
495 1006 530 1066 et
563 1001 621 1088 qui
657 1000 760 1065 vellet
793 1000 953 1066 libentius
990 999 1158 1065 mandatis
1195 993 1371 1086 Papssllbus

198 1111 266 1164 ΑΙ).
323 1103 463 1168 obedire.
509 1102 555 1169 Et
587 1124 702 1169 revera
734 1104 804 1189 ejus
835 1103 982 1170 maxima
1013 1125 1090 1170 cura
1122 1102 1196 1181 fuit,
1219 1102 1293 1167 loca
1320 1098 1371 1167 vel

172 1182 293 1229 ¹³³⁵'49'
322 1227 474 1295 personas
495 1207 532 1270 in
554 1207 672 1292 quibus
694 1207 810 1292 religio
832 1207 977 1294 collapsa
1002 1205 1119 1283 fuerat,
1140 1202 1281 1293 scriptis,
1307 1222 1372 1268 mo·

154 1313 311 1390 Zal'shqwn
323 1310 412 1390 nitis,
436 1315 471 1374 et
493 1308 780 1374 exhortationibus
811 1310 949 1375 diversis
979 1309 1110 1396 erigere,
1135 1308 1316 1387 sustollere,
1339 1309 1372 1372 st

154 1380 311 1510 'gufflhe
323 1412 366 1477 ad
387 1413 513 1477 fructus
528 1412 660 1476 uberius
676 1411 902 1477 sanctimoniae
917 1411 1082 1477 faciendos
1101 1410 1258 1489 excolere,
1276 1409 1371 1474 modo

157 1511 285 1628 conssul}
323 1515 427 1593 donis,
450 1513 547 1579 modo
576 1515 752 1600 promissis,
786 1514 884 1579 modo
917 1514 1098 1591 blanditiis,
1134 1514 1233 1579 modo
1268 1512 1372 1591 minis,

154 1587 301 1696 iffi&
324 1622 421 1705 prout
443 1617 492 1682 rei
513 1617 687 1682 necessitas
709 1616 893 1703 expetebat.

153 1738 312 1802 hasunge«
369 1719 579 1786 Scholasticis
602 1741 680 1785 vero
709 1725 780 1785 tam
803 1719 994 1784 favorabilis
1016 1741 1144 1808 semper
1165 1720 1242 1797 fuit,
1268 1722 1309 1783 ut
1341 1739 1373 1783 se

155 1805 311 1938 {¹522}th
323 1824 541 1888 conformaret
558 1823 682 1888 eisdem
700 1822 831 1908 ubique,
854 1827 889 1887 et
902 1822 967 1885 hiis
982 1823 1146 1909 praecipue
1171 1844 1255 1908 quos
1278 1820 1373 1887 novit

155 1937 271 1990 ausura
323 1927 359 1990 in
381 1927 532 1992 doctrina
553 1926 626 2013 plus
648 1926 803 2012 proficere
825 1925 880 1990 vel
901 1924 1047 2005 fervere;
1068 1925 1218 2011 nihilque
1246 1925 1373 1990 censuit

323 2029 547 2116 derogandum
569 2028 771 2094 scholaribus
798 2027 839 2093 de
871 2028 987 2094 solatio
1021 2028 1076 2093 vel
1107 2028 1269 2114 corporali
1299 2027 1374 2092 sub-

154 2153 196 2203 He
205 2152 288 2203 bullus
321 2133 415 2210 sidio,
438 2132 496 2218 qui
519 2131 678 2197 doctrinae
701 2131 780 2196 totis
802 2130 930 2196 viribus
952 2130 1159 2196 insistebant.
1206 2129 1309 2195 Unde
1331 2128 1374 2194 ad

154 2220 310 2338 winilis
322 2235 466 2320 quietem
488 2240 524 2299 et
546 2233 700 2299 solatium
715 2255 849 2298 suorum
864 2233 1079 2312 studentium,
1096 2232 1285 2320 sumptibus
1306 2230 1373 2297 suis

155 2353 309 2417 Momury.
320 2337 398 2402 fecit
415 2337 487 2401 fieri
502 2336 614 2402 studia
624 2335 726 2421 juxta
749 2335 999 2414 Dormitorium,
1016 2357 1118 2423 supra
1134 2334 1372 2401 Deambulato

321 2440 430 2519 rium3
453 2461 518 2524 quo
541 2439 611 2503 itur
634 2460 692 2524 per
721 2438 871 2525 regulare
894 2438 1108 2505 Locutorium
1131 2440 1175 2504 ad
1199 2438 1371 2504 Oameram

321 2541 450 2621 Primis,
473 2546 507 2606 et
531 2540 700 2627 Capellam
722 2562 822 2607 suam.

367 2827 416 2892 Dc
439 2826 612 2915 apostasia
641 2826 800 2893 Willelmi
812 2826 865 2995 ple
888 2827 1088 2905 Smnertoow,
1112 2823 1266 2892 1Pcioris
1288 2824 1328 2891 de

759 2931 811 3016 By
849 2953 926 2995 cum.

155 3088 268 3139 william
279 3089 311 3138 de
367 3082 477 3146 Primo
499 3103 586 3146 anno
609 3080 813 3168 praelationis
836 3080 933 3165 hujus
956 3079 1108 3160 Abbatis,
1124 3078 1310 3144 Willelmus
1333 3078 1372 3143 de

155 3155 523 3273 {iffimm’smertone
547 3184 588 3249 de
615 3207 680 3270 quo
713 3183 810 3270 plura
833 3182 957 3268 ²supra
978 3182 1080 3247 locuti
1103 3204 1225 3258 sumus,
1258 3180 1374 3246 existi·

155 3289 277 3366 wuelmed
323 3310 416 3351 mans
438 3289 501 3354 sibi
525 3287 642 3352 illicita
665 3309 732 3352 non
755 3286 860 3363 licere,
877 3286 1065 3350 Prioratum
1081 3285 1121 3349 de
1138 3285 1304 3370 Bynham,
1321 3282 1372 3348 cui

154 3356 294 3472 {imi
323 3391 499 3455 restitutus
523 3392 639 3467 fuerat,
664 3390 885 3477 apostatando
917 3389 1070 3467 deseruit,
1097 3387 1196 3452 simul
1218 3393 1253 3452 et
1277 3386 1372 3453 Ordi-

154 3487 295 3552 surr-lory
323 3513 420 3573 nem3
444 3493 631 3578 relinquens
647 3492 781 3557 domum
802 3491 893 3556 illam
915 3513 974 3576 per
993 3513 1085 3555 suam
1102 3489 1373 3576 dilapidationem

154 3553 553 3681 osupummultipheiter
574 3595 839 3681 depauperatam.
887 3592 992 3658 Causa
1014 3615 1071 3657 cur
1100 3592 1246 3657 maxime
1273 3613 1372 3657 reces-

324 3695 402 3761 sisse
426 3695 604 3775 dicebatur,
620 3695 686 3760 fuit
701 3697 855 3761 nimietas
879 3695 1048 3760 feodorum
1072 3717 1146 3780 quse
1170 3697 1372 3760 concesserat

323 3797 535 3884 magnatibus
558 3799 684 3884 patriae,
709 3799 766 3884 qui
790 3821 864 3863 eum
886 3796 1045 3882 juverant
1074 3797 1118 3861 ad
1148 3796 1371 3862 rehabendum

323 3899 512 3966 Prioratum
555 3902 656 3965 illum.
713 3901 842 3987 Nempe
879 3921 1013 3965 cernens
1050 3900 1270 3985 possessiones
1312 3899 1371 3964 loci

322 4005 421 4069 nimis
446 4004 546 4069 exiles
568 4004 611 4068 ad
634 4004 896 4069 continuandum
914 4008 1027 4067 tantos
1049 4016 1212 4088 sumptus,
1228 4001 1370 4081 erubuit,

322 4115 356 4174 et
383 4131 448 4174 non
479 4108 585 4173 ferens
611 4112 739 4171 tantam
773 4106 895 4193 inopiae
927 4104 1182 4181 ³confusionem,
1214 4104 1269 4170 vel
1300 4125 1365 4168 me·

322 4219 419 4278 tuens
443 4232 609 4276 censuram
634 4209 805 4296 praesentis
827 4209 979 4286 Abbatis,
1003 4208 1045 4272 ad
1066 4210 1198 4293 tempus
1224 4209 1371 4273 recedere

323 4317 500 4403 praeelegit.

356 4561 361 4591 ¹
373 4560 461 4611 Priore
472 4562 498 4610 in
510 4560 566 4611 MS.
902 4553 912 4583 ³
923 4553 1035 4616 Perhaps
1055 4568 1086 4602 cn
1109 4567 1177 4601 error
1196 4551 1235 4601 for
1258 4557 1273 4578 “
1280 4552 1371 4614 coufes-

355 4641 498 4706 ²Seepage
517 4645 564 4688 1⁴2
581 4647 645 4688 arcte.
869 4638 883 4661 ‘⁴
895 4632 1009 4683 sionon”
