3038 5452
489 1208 793 1290 APPENDIX
814 1213 896 1293 (Β.)

470 1498 477 1528 ¹
488 1497 544 1551 MS.
557 1499 680 1552 curdus
689 1501 720 1552 Ε.
728 1502 763 1552 iv.
774 1500 816 1552 fol.
829 1507 875 1552 ³71
889 1517 912 1554 a.

170 1605 354 1698 [capient
377 1615 665 1688 edanensem
691 1603 885 1708 sospitans
907 1621 1027 1690 seces
1056 1624 1211 1704 venas,

254 1715 524 1885 magnetem
538 1722 745 1800 nomem,
759 1722 921 1789 niuem
934 1725 1055 1792 aare
1070 1726 1210 1809 avane,

203 1982 222 2008 “
232 1981 368 2051 Michael,
381 1989 571 2058 permissione
582 1988 690 2054 divina,
698 1987 796 2045 Abbas
805 1989 975 2046 Monasterii
983 1990 1082 2048 Sancti
1092 1990 1209 2058 Albani,

168 2067 186 2093 ‘⁴
205 2062 323 2124 Ordinis
356 2070 456 2128 Sancti
483 2071 646 2137 Benedicti,
672 2071 885 2129 lincolniensis
914 2070 1068 2141 Dioecesis,
1094 2075 1209 2132 dilectis

168 2149 187 2174 ‘¹
206 2148 289 2207 nobis
301 2153 333 2208 in
346 2152 463 2211 Christo
474 2154 554 2221 filiis,
568 2156 713 2227 Magistro
724 2160 755 2212 et
765 2153 919 2213 Fratribus
933 2154 1097 2229 Hospitalis
1111 2157 1210 2216 Sancti

167 2234 187 2258 “
207 2229 327 2302 Jnlisni,
352 2239 438 2309 juxta
460 2237 600 2296 Sanctum
623 2237 780 2306 Albanum,
805 2246 971 2296 nostrorum
997 2242 1208 2314 jurisdictionis

165 2319 184 2343 “
204 2323 235 2373 et
251 2326 429 2391 patronatus,
443 2323 567 2380 salntem
579 2341 646 2379 eum
657 2322 857 2380 benedictione
869 2323 1039 2392 Salvatoris,
1053 2332 1084 2382 et
1100 2333 1207 2393 nostra,

167 2403 186 2428 ‘¹
205 2418 240 2458 ac
257 2402 422 2479 subscripta
439 2408 661 2480 inperpetuum
679 2409 843 2464 observare.
889 2408 1044 2466 Commissi
1062 2411 1145 2466 nobis
1164 2428 1208 2466 re-

167 2487 186 2512 “
205 2486 325 2558 giminis
351 2508 422 2546 cura
442 2491 588 2564 judicium
612 2498 720 2548 nostra
747 2491 984 2549 considerationis
1009 2493 1156 2561 sollicitat,
1176 2503 1209 2551 nt

166 2572 185 2597 ‘⁶
203 2570 234 2626 in
257 2571 315 2628 hiis
339 2592 392 2646 per
416 2592 481 2647 qnae
505 2577 602 2632 cultus
626 2576 744 2632 divium
763 2582 897 2648 angetur,
922 2579 1001 2633 omni
1019 2577 1209 2651 cautelaque

163 2657 183 2681 “
202 2672 357 2726 possumus
376 2658 500 2715 sollicite
518 2658 672 2731 providere
691 2675 845 2725 curemus;
865 2666 895 2716 et
912 2676 947 2716 ea
965 2678 1031 2732 quse
1047 2662 1208 2735 praedeces·

165 2739 186 2765 ‘'
204 2754 304 2795 eornm
321 2746 486 2798 nostrornm
497 2743 549 2815 pis
559 2741 684 2809 devotio,
698 2743 769 2799 licet
785 2743 982 2810 laudabiliter,
995 2745 1092 2801 minus
1109 2751 1208 2802 tamen

164 2822 185 2849 “
205 2824 459 2891 certitudinaliter,
480 2826 636 2893 ordinavit,
656 2826 693 2882 ad
711 2827 896 2882 certitudinis
915 2829 1049 2884 semitam
1067 2847 1120 2901 pro
1138 2830 1209 2886 viri·

163 2908 183 2933 ‘⁶
202 2906 257 2962 bus
269 2907 451 2966 reducamus.
483 2909 558 2966 Sane
568 2911 638 2966 olim
649 2911 732 2966 bonae
741 2911 889 2966 memoriae
899 2909 1097 2983 G[aufridus,]
1107 2919 1207 2968 noster

162 2991 183 3018 “
201 2992 405 3063 predecessor,
425 2994 575 3051 voluntate
593 2995 723 3050 unanimi
749 2994 796 3050 sni
822 2994 999 3060 Conventus,
1029 2997 1059 3051 in
1084 2997 1208 3052 ecclesia

162 3073 300 3131 “Sancti
331 3075 444 3133 Juliani
469 3079 554 3150 juxta
585 3079 724 3134 Sanctum
749 3077 906 3143 Albanum,
936 3097 1002 3151 quae
1029 3079 1102 3135 alias
1121 3097 1206 3136 secus

161 3160 182 3186 ‘¹
199 3160 279 3215 viam
299 3160 380 3217 ‘Aee
390 3160 512 3228 Heeed,’
529 3178 641 3219 necnon
653 3166 751 3217 antem
771 3161 942 3232 ‘Hospitale
955 3162 1054 3218 Sancti
1074 3163 1206 3229 Julieni:

160 3244 392 3300 “communiter
409 3247 584 3312 nominatur,
611 3248 723 3301 lazaros
753 3247 960 3317 congregavit;
993 3247 1030 3302 ad
1048 3264 1206 3319 eorumque

160 3328 181 3353 “
201 3329 450 3395 smtentationem,
470 3347 523 3402 pro
550 3333 628 3387 statu
646 3335 676 3385 et
703 3329 794 3384 tutela
818 3328 889 3384 dicti
907 3328 1088 3395 Monosterii,
1108 3347 1207 3386 mona-

161 3414 181 3438 “
200 3410 330 3477 chorum,
357 3421 387 3469 et
413 3414 603 3470 servientium
633 3411 773 3484 ejusdem,
801 3430 834 3467 ao
859 3429 913 3483 pro
940 3413 1093 3469 animabus
1112 3413 1205 3486 Regis

161 3499 179 3524 ‘⁴
198 3493 270 3552 offa
288 3504 318 3554 et
335 3497 469 3564 aliorum,
494 3515 604 3554 necnon
622 3497 653 3553 in
670 3502 783 3569 portem
803 3496 1031 3568 supportationis
1053 3496 1154 3564 debiti,
1174 3500 1205 3556 in

160 3582 180 3607 “
200 3598 257 3652 quo
283 3582 398 3653 proefaii
424 3581 622 3654 praedecessor
652 3590 682 3638 et
711 3579 879 3638 Conventus
906 3580 1065 3647 extiterint,
1094 3600 1205 3655 nosque

160 3666 179 3691 '⁴
199 3680 310 3730 sumne,
330 3667 389 3722 suis
414 3666 658 3730 benefactoribus,
686 3681 758 3738 quos
789 3669 903 3720 nostros
933 3665 1038 3722 marito
1069 3666 1203 3733 dicimus,

159 3748 290 3804 “artius
318 3749 449 3822 obligati,
478 3751 600 3807 contulit
635 3748 712 3806 bona
739 3748 850 3815 multa;
879 3749 1026 3822 unicoque
1050 3750 1203 3815 sacerdoti,

158 3833 178 3857 ‘¹
199 3831 250 3902 qni
276 3831 363 3888 debet
387 3833 498 3890 eisdem
527 3833 651 3907 leprosis
679 3832 878 3890 ecclesiastiea
902 3842 1085 3890 sacramenta
1101 3834 1203 3889 minis-

158 3915 180 3942 “
197 3918 285 3982 trare,
317 3917 479 3990 portionem
516 3936 675 3991 congruam
710 3917 881 3989 assignavit,
917 3924 1005 3990 prout
1034 3919 1065 3972 in
1094 3917 1204 3974 chartis

158 3999 179 4025 “
197 3998 265 4055 inde
289 4001 426 4057 confectis
450 4001 566 4074 plenius
590 4001 765 4058 continetur.
803 4001 984 4072 Hujnsmodi
1008 4007 1106 4057 tamen
1129 4001 1204 4056 laza·

157 4083 297 4139 “rorum
324 4091 437 4141 eertum
466 4103 621 4141 numerum
649 4091 787 4151 statuere,
821 4102 855 4140 ac
879 4084 1014 4139 ordinare
1041 4082 1078 4139 de
1104 4083 1204 4139 divino

155 4167 174 4194 ‘¹
193 4165 296 4232 officio,
319 4168 367 4224 vel
385 4186 438 4241 per
457 4187 544 4240 quem
562 4176 593 4226 et
605 4169 749 4241 quomodo
767 4167 937 4240 hujusmodi
956 4168 998 4222 eis
1011 4166 1203 4223 collatabona

156 4251 176 4277 “
194 4251 261 4323 regi
279 4251 429 4319 deberent,
444 4271 511 4310 enm
530 4254 588 4326 ipsi
605 4270 641 4309 ea
658 4258 778 4326 propter
797 4269 917 4306 suorum
936 4267 1090 4322 corporum
1111 4250 1201 4308 infeo-

156 4336 304 4391 “tionem
331 4345 477 4410 nequeunt
503 4340 677 4414 gubernare,
696 4336 826 4392 totaliter
850 4335 1054 4407 praemiiis
1083 4343 1202 4408 propter

161 4468 316 4476 --——
354 4473 438 4478 ----..
475 4474 518 4478 .,-Ᾰ
533 4473 620 4477 .-—-„
646 4472 671 4476 .-
682 4470 784 4476 ---—
796 4468 954 4474 -—--—--
965 4468 1198 4480 ---.-—.-.-

189 4527 289 4581 'There
306 4530 329 4580 is
346 4531 528 4597 mothereopy
542 4530 570 4580 oi
586 4531 656 4580 these
703 4526 883 4578 Diioilei.

154 4605 336 4661 Constitutions
352 4609 380 4658 in
397 4609 453 4660 MS.
474 4609 574 4660 Cotton.
586 4608 654 4659 Nero
735 4605 806 4657 ²8oe
815 4619 856 4669 pp
869 4610 927 4666 ³15,
937 4609 996 4669 ³16,
1005 4613 1069 4657 enea

948 4690 1067 4750 ΠΗ
