3038 5452
422 732 632 783 nosssmmr
655 731 776 781 ssrcrr
797 731 932 782 susm.
1127 717 1194 786 457

156 918 177 941 “
196 917 334 980 minibus,
361 918 649 982 ¹exordinationibus,
682 935 734 972 seu
767 918 843 972 malo
873 925 968 988 gestu,
1001 918 1137 989 religioni
1167 926 1197 973 et
1231 927 1350 987 Thomas,

158 1003 177 1025 ⁸⁶
198 999 301 1055 Ordini
320 1001 506 1065 scandalosis,
529 1002 655 1072 alicujus
676 1002 856 1065 Monosterii,
883 1002 931 1056 vel
950 1002 1081 1057 ecclesias
1100 1020 1197 1056 mono-
1258 995 1319 1045 3οὼ

155 1086 175 1108 “
196 1083 298 1149 chelis,
318 1091 451 1140 teneatur
469 1086 593 1157 quilibet
616 1085 760 1140 Visitutor
786 1103 839 1156 per
858 1085 1015 1141 Dioecesim
1034 1085 1091 1141 sibi
1109 1085 1197 1157 depu-

1243 1062 1337 1122 ribbef,

156 1171 175 1193 “
196 1173 296 1231 tutam,
316 1173 346 1223 et
363 1169 452 1224 etium
471 1169 596 1240 quilibet
612 1167 848 1233 Proesidentium,
871 1168 908 1223 ad
929 1170 1013 1241 cujus
1039 1169 1197 1225 eorundem
1229 1127 1348 1247 midai&

156 1254 176 1277 '⁸
195 1251 327 1308 auditum
344 1270 447 1308 rumor
463 1253 532 1310 telis
550 1253 637 1308 citius
656 1252 817 1317 devenerit,
840 1252 877 1308 ud
895 1252 991 1308 locum
1010 1253 1105 1318 illum,
1125 1270 1197 1324 prae-
1254 1287 1320 1300 --

156 1338 176 1360 ‘⁶
196 1336 252 1390 lixo
269 1334 334 1405 ejus
351 1336 475 1391 termino
493 1336 754 1408 competenti—ed
780 1355 867 1408 quem
894 1338 1052 1393 terminum
1070 1337 1197 1410 spatium

155 1420 176 1445 “
196 1425 321 1488 quotuor
332 1419 380 1473 vcl
391 1420 484 1475 trium
496 1419 611 1475 dierum
624 1420 756 1476 sufficere
775 1420 1038 1486 decernimus-in
1054 1422 1109 1477 hoc
1128 1437 1198 1477 casu

156 1505 177 1528 ‘⁴
195 1519 264 1557 cum
282 1502 360 1556 omni
378 1503 529 1559 celeritate
554 1522 642 1575 quem
660 1502 829 1559 ¹'commode
846 1511 994 1576 poterunt,
1015 1523 1066 1577 per
1090 1523 1132 1570 se,
1151 1505 1198 1560 vel

157 1589 176 1612 “
196 1604 248 1657 per
266 1586 356 1642 alium
373 1592 481 1642 nostras
498 1587 687 1659 professionis
705 1587 871 1653 ³idoneum,
892 1589 1047 1651 declinare,
1066 1606 1099 1644 ac
1112 1606 1199 1660 super

156 1674 177 1697 ‘⁴
196 1670 377 1735 criminibus,
390 1670 562 1735 defectibus,
577 1676 607 1725 et
619 1671 786 1727 excessibus
806 1672 1037 1744 quibuscunque,
1051 1672 1199 1743 inquirere

157 1757 176 1780 “
196 1754 359 1819 veritatem,
379 1773 413 1809 ec
431 1755 529 1810 omnic
545 1761 575 1810 et
594 1755 720 1826 singule,
737 1755 822 1826 juxta
840 1756 918 1826 quod
935 1756 1038 1810 volunt
1055 1757 1199 1811 cenonicae

158 1841 177 1865 “
197 1839 369 1903 sanctiones
399 1839 548 1911 corrigere
569 1857 603 1894 oc
623 1840 793 1904 reformare,
823 1856 887 1910 quoe
911 1839 1089 1895 correctione
1107 1845 1137 1895 ct
1154 1858 1199 1894 re·

158 1926 177 1949 ⁸·
197 1923 368 1979 formatione
392 1923 521 1979 viderint
546 1923 689 1995 indigere.
739 1922 823 1992 Quod
849 1923 960 1994 siquis
985 1923 1124 1995 praelatus
1142 1924 1198 1978 loci

156 2011 175 2033 ‘⁶
194 2002 298 2063 taliter
311 2006 451 2062 visitandi
476 2007 670 2064 Visitetorem
695 2024 748 2061 scu
778 2006 998 2070 Proeeidsntem,
1024 2006 1073 2061 vel
1097 2023 1197 2062 eorum

158 2094 177 2118 “
197 2091 447 2156 Commissarium,
457 2109 511 2146 seu
518 2091 752 2155 Commissorios,
761 2096 795 2145 ut
806 2091 1004 2161 premittitur,
1016 2090 1196 2156 accedentes,

158 2178 177 2203 “
197 2175 234 2231 ob
252 2174 424 2230 brevitatem
440 2175 568 2239 termini,
585 2176 634 2229 vel
662 2175 720 2230 alia
738 2193 826 2230 cause
844 2175 957 2240 frivola,
977 2192 1034 2230 non
1052 2174 1196 2240 admittat,

158 2264 177 2287 “
195 2259 243 2314 vel
260 2257 428 2330 hujusmodi
445 2259 644 2315 visitationem
662 2259 860 2329 subterfugiat
878 2258 1077 2330 quovismodo,
1097 2259 1198 2316 decem

158 2347 177 2371 “
195 2343 286 2399 libres
310 2360 344 2398 eo
362 2343 426 2415 ipso
444 2344 569 2399 dominis
588 2343 828 2407 Praesidentibus,
849 2343 900 2414 qui
917 2361 970 2414 pro
988 2350 1118 2415 tempore
1136 2344 1198 2398 fue·

158 2432 176 2455 ‘¹
196 2427 265 2492 rint,
286 2427 400 2482 solvere
416 2432 559 2492 teneatur,
578 2427 609 2482 in
629 2445 796 2483 communes
810 2445 881 2482 usus
900 2426 1018 2483 Ordinis
1030 2433 1198 2484 converten-

157 2514 176 2538 “
196 2510 264 2576 das3
285 2528 373 2582 quem
386 2510 504 2581 quidem
517 2529 661 2566 summam
674 2528 727 2582 per
739 2512 819 2581 ipsos
829 2510 1034 2575 Praesidentes,
1045 2512 1134 2567 etiem
1145 2528 1199 2582 per

157 2600 175 2623 ¹⁶
196 2613 348 2651 censuram
377 2594 615 2660 ecclesiasticam,
641 2596 667 2650 si
693 2599 833 2667 oporteat,
862 2595 975 2650 solvere
993 2596 1197 2668 compelletur.

199 2683 218 2706 ⁴⁴
238 2678 371 2750 Insuper,
390 2697 426 2733 ne
445 2680 567 2750 sanguis
585 2679 715 2734 omniurn
735 2679 934 2734 oberrantium
952 2679 987 2733 de
1011 2679 1198 2752 praelatorum
1209 2698 1237 2749 A
1248 2700 1354 2751 pmcn),

154 2767 175 2790 “
195 2762 337 2827 menibus,
358 2762 394 2818 ob
413 2780 513 2817 eorum
531 2763 752 2835 negligentiam,
773 2763 950 2834 requiratur,
971 2781 1004 2818 uc
1023 2765 1053 2818 in
1077 2763 1198 2819 malitiis
1211 2765 1288 2817 ofthe

154 2851 172 2876 ‘⁴
192 2846 352 2911 bominum,
372 2864 438 2916 quas
449 2847 516 2918 plus
535 2847 620 2902 solito
649 2847 814 2919 ⁴pullulunt
837 2847 895 2902 hiis
920 2848 1032 2913 diebus,
1052 2847 1198 2903 salubrius
1211 2833 1366 2912 0119110111

154 2935 174 2959 “
195 2936 372 2995 occurratur,
394 2931 547 3000 praesentis
566 2932 738 2987 auctoritato
758 2929 886 3002 Capituli
904 2931 1080 2996 ordinamus,
1108 2936 1142 2986 ut
1168 2902 1366 3018 inffiffigffi

154 3019 174 3044 “
195 3015 285 3071 Ourie
302 3014 432 3071 Romane
450 3033 525 3071 unus
543 3016 721 3072 Procurator
739 3013 879 3071 ⁵id0n0us
898 3034 951 3088 pro
968 3022 1068 3072 nostro
1087 3014 1196 3070 Ordine
1208 3033 1295 3095 cm,
1306 3040 1333 3084 ω

155 3105 173 3129 “
194 3099 359 3170 deputetur,
386 3099 422 3155 de
448 3101 594 3156 communi
624 3100 837 3156 contributione
864 3099 1004 3156 salarium
1031 3104 1196 3169 competens
1209 3100 1275 3150 seire

153 3188 172 3213 ‘⁶
193 3191 392 3256 percepturus,
407 3184 457 3254 qui
472 3185 641 3240 mundatum
656 3183 761 3238 habeut
773 3183 908 3254 speciale,
923 3199 1125 3255 quemcunque
1136 3199 1197 3238 mo·
1209 3167 1300 3246 1111111111

155 3274 175 3297 “
194 3268 319 3325 natium
337 3269 430 3324 nostri
448 3267 575 3334 orden,
596 3269 659 3323 une
679 3268 786 3323 lituus
811 3285 845 3323 ao
870 3267 989 3323 ricensa
1013 3267 1133 3339 speciali
1151 3242 1334 3350 suiftfiffiss

156 3358 175 3382 “
196 3352 318 3425 prelati,
346 3353 397 3424 qui
424 3353 512 3408 talem
540 3353 689 3409 licentiam
714 3351 823 3424 poterit
846 3352 1008 3424 indulgere,
1035 3352 1073 3407 ed
1090 3351 1198 3408 dictam
1210 3366 1315 3420 without

155 3443 174 3467 “
195 3437 315 3494 Ouriom
328 3437 522 3502 secedentem,
537 3455 625 3508 quem
641 3437 699 3492 cito
718 3437 754 3491 de
772 3436 871 3507 ulique
889 3436 942 3492 teli
954 3436 1011 3492 sibi
1023 3436 1196 3502 constiterit,
1211 3434 1288 3485 leave·

156 3527 176 3551 ‘⁸
197 3522 263 3595 cepi
282 3523 369 3578 faciat
394 3528 425 3577 et
450 3529 650 3594 procuretur
675 3523 707 3576 in
724 3519 859 3578 ⁶carcere
886 3521 1020 3586 detineri,
1048 3539 1198 3594 quousque

157 3611 176 3634 ‘⁸
196 3604 233 3661 de
250 3605 372 3678 praeluto
390 3606 458 3661 talis
476 3606 610 3662 monachi
631 3606 752 3677 fugitivi
777 3606 849 3678 quid
876 3605 911 3660 de
930 3624 965 3661 eo
995 3605 1100 3662 debeat
1124 3605 1197 3670 fieri,

157 3694 177 3718 ‘⁶
197 3689 304 3745 habeat
320 3691 351 3744 in
368 3690 522 3746 mandetis.
561 3689 617 3759 Qui
637 3691 726 3746 etiem
744 3691 920 3746 Procurator
932 3691 1029 3746 omnio
1041 3698 1071 3747 et
1083 3690 1201 3762 singula

157 3779 176 3802 “
195 3774 313 3846 negotiu
330 3776 503 3839 communio,
523 3782 655 3831 nostrum
681 3774 821 3831 Ordinem
848 3775 1007 3846 tangentia,
1035 3775 1200 3846 sumptibus

156 3862 176 3886 “
196 3858 397 3915 communibus
416 3858 608 3914 effectualiter
626 3859 774 3931 prosequi,
794 3867 825 3915 et
848 3859 1068 3931 quibuscunque
1087 3877 1152 3930 quae
1171 3858 1201 3912 in

156 3948 176 3971 “
196 3942 402 4015 praejudicium
411 3943 503 3999 nostri
522 3942 640 3999 Ordinis
653 3945 728 4000 scire
740 3944 871 4015 potuerit
889 3949 1020 4009 attentat,
1043 3962 1096 4015 pro
1115 3960 1200 4014 posse

156 4030 176 4054 ⁴⁶
197 4045 250 4082 suo
267 4025 415 4090 resistere,
438 4032 570 4082 teneatur
582 4047 591 4090 ;
619 4045 653 4082 ac
680 4028 843 4098 prelatum,
870 4027 906 4082 sd
928 4046 1015 4099 quem
1032 4026 1200 4097 hujusmodi

156 4116 176 4140 “
194 4112 354 4183 negotium,
375 4130 427 4168 seu
452 4110 664 4184 praejudicium,
694 4112 879 4185 spectaverit,
899 4131 986 4183 quem
1011 4111 1069 4166 cito
1093 4111 1201 4183 poterit

157 4196 176 4224 ⁸¹
195 4198 381 4268 proemunire.

973 4331 1194 4349 —m-—uu-——ffl

190 4430 196 4463 ¹
210 4430 491 4482 exordinutieationibus
502 4431 529 4482 iu
540 4431 596 4484 MS.
694 4490 704 4513 ο
733 4431 742 4462 ⁴
751 4429 865 4496 pululare
875 4432 903 4482 in
913 4432 969 4484 MS.

190 4511 308 4561 ²oomode
319 4512 346 4561 in
357 4511 414 4563 MS.
735 4510 745 4541 ⁵
755 4510 861 4574 ydoneus
877 4510 903 4560 in
912 4512 968 4561 MS.

189 4589 366 4656 'ydoneum
376 4592 432 4644 MS.
737 4590 916 4641 ⁶cerceremiu
928 4586 985 4642 MS.
