3038 5452
420 726 630 776 noussrnnu
652 724 774 773 senen
796 720 932 771 innam.
1133 704 1199 773 297

154 912 399 999 “impendunt
443 910 509 976 Sed
532 908 887 1035 scio,doneol1nusero
910 906 951 972 de
966 905 1059 973 sonte
1081 908 1157 992 grat
1157 903 1372 970 iaslticnudlh

153 1021 261 1080 “tuoe
284 1015 434 1079 timorem
456 1019 493 1077 et
514 1009 737 1077 amoreml—
1247 980 1343 1105 ,iiiia

1260 1113 1329 1164 A.D.

1233 1183 1354 1232 luno-³5.

477 1308 566 1375 nito
590 1309 708 1375 Oratio
734 1308 891 1395 ejusdem

200 1487 382 1553 “Domine
412 1486 513 1566 Deus,
537 1485 757 1572 Omnipotens
787 1486 893 1567 Pater,
917 1493 953 1553 et
976 1486 1050 1564 Fili,
1073 1492 1107 1552 et
1131 1484 1204 1573 Spi-
1218 1483 1357 1570 ngenntl

157 1589 282 1654 “ritus
317 1588 446 1665 Sancte,
477 1587 623 1653 Trinitas
656 1588 787 1669 Sancta,
809 1612 897 1654 unus
930 1590 1029 1668 Deus,
1052 1594 1087 1656 et
1119 1557 1332 1690 unusffslffinff¹¹
1311 1565 1366 1610 '¹⁰¹³

156 1690 360 1756 “Dominus
392 1691 548 1768 omnium,
571 1713 647 1756 oum
673 1692 800 1777 gemitu
832 1713 876 1756 an
908 1715 983 1758 cum
1009 1691 1132 1780 gaudio
1153 1665 1349 1758 10-oompo’ned

158 1803 175 1827 “
199 1793 302 1859 colam
325 1793 476 1879 quotiens
498 1799 534 1858 et
557 1814 656 1879 quam
687 1794 974 1860 misericorditer²
986 1761 1351 1882 reconciliastissffl‘

158 1905 175 1930 ‘⁴
199 1917 260 1973 me,
282 1903 357 1982 post
381 1894 502 1959 multas
523 1893 812 1960 ³forinseeationes
836 1896 895 1960 abs
926 1902 970 1977 te,
994 1901 1029 1960 et
1051 1896 1206 1961 offensasl

157 2007 177 2034 ⁴‘
201 1997 361 2076 Quotiens
384 1997 471 2062 elata
492 1996 625 2073 cervice,
649 2001 684 2062 et
707 1997 745 2060 in
766 1998 974 2063 contumacia
1000 1998 1107 2064 cordis
1133 1998 1207 2075 mei,

158 2109 176 2134 “
199 2099 308 2186 sprevi
331 2098 487 2163 mandata
509 2102 576 2176 tua,
599 2099 711 2164 restiti
733 2099 906 2186 praeceptis
928 2101 1005 2178 tuis,
1028 2101 1207 2166 secundum

160 2212 177 2237 “
200 2207 305 2267 totam
321 2200 532 2266 latitudinem
547 2201 789 2278 mendatorum,
805 2202 855 2266 ita
870 2203 958 2287 quod
980 2201 1110 2267 nullum
1125 2225 1209 2289 prae·

161 2315 178 2340 ‘⁶
201 2303 302 2370 teriri
336 2304 418 2390 quin
449 2303 679 2369 inobedienter
709 2306 900 2391 contempsi,
932 2310 991 2370 aut
1028 2305 1210 2370 insolenter
1306 2346 1311 2355 -

161 2417 179 2442 “
201 2406 340 2494 neglexi.
386 2405 548 2485 Quotiens
582 2405 739 2490 injuriam
771 2406 834 2472 feci
860 2407 1020 2493 proximis
1045 2409 1136 2485 meis,
1169 2409 1209 2474 de

162 2520 179 2545 ‘⁴
202 2509 323 2596 quibus
333 2508 435 2573 habui
450 2507 485 2571 in
501 2507 666 2573 mandatis
681 2529 735 2572 eos
749 2513 909 2594 tanquam
926 2532 979 2574 me
994 2510 1139 2598 diligere,
1151 2534 1211 2578 nec

162 2621 179 2646 “
201 2611 295 2675 aliud
317 2609 402 2675 velle
424 2609 489 2674 illis
511 2609 624 2686 faeere,
647 2631 746 2695 quam
769 2610 920 2676 mihimet
950 2611 1012 2697 ipsi
1043 2617 1212 2699 optarem3

164 2724 180 2749 ‘⁶
203 2719 379 2790 ettamen,
403 2712 487 2789 dolo,
509 2713 632 2788 fraude,
655 2718 691 2776 et
713 2712 954 2779 machinatione
977 2714 1210 2790 malioirourn·

165 2819 287 2885 “irem
320 2840 381 2884 eos.
428 2817 590 2898 Quotiens
621 2818 782 2882 creaturis
805 2817 877 2896 Tui,
905 2819 988 2884 milri
1011 2820 1055 2884 ad
1082 2819 1211 2906 justum

165 2931 182 2956 “
205 2943 300 2986 usum
315 2920 481 2996 concessis,
496 2918 618 2984 abusus
632 2941 713 2996 sum,
730 2919 835 3007 magis
856 2921 894 2985 in
909 2922 1060 2987 omnibus
1075 2944 1213 3007 sequeus

166 3033 183 3058 ‘⁴
204 3022 390 3110 appetitum
406 3020 596 3100 *commodi
612 3043 711 3106 qnam
727 3021 912 3108 appetitum
924 3022 1018 3108 justi.
1043 3023 1212 3100 Quotiens,

163 3134 182 3160 “
206 3124 349 3190 Domine
371 3125 461 3189 Deus
484 3145 583 3201 meus,
605 3124 727 3188 abusus
761 3145 834 3188 sum
866 3144 964 3189 carne
995 3145 1076 3201 men,
1099 3124 1136 3188 in
1161 3125 1213 3189 sni

167 3237 183 3262 “
205 3226 438 3293 contumeliam
463 3225 637 3302 Creatoris,
660 3224 947 3291 ⁶abominabiliter
975 3225 1157 3291 fornicatus
1180 3227 1213 3291 in

167 3327 413 3416 “passionibus
446 3326 599 3392 desiderii
632 3327 739 3392 carnis
766 3349 871 3407 meae3
908 3328 1031 3414 itaque,
1063 3328 1212 3405 Domine,

167 3443 183 3467 “
206 3432 295 3518 quod
319 3452 387 3495 non
408 3451 481 3495 sum
504 3436 668 3516 expertus,
690 3430 779 3515 quod
800 3430 914 3508 recolo,
930 3453 983 3495 me
1006 3452 1150 3517 unquam
1165 3432 1215 3497 ita

132 3569 135 3572 ⁴
167 3544 184 3569 “
206 3535 335 3599 intense
369 3531 567 3597 delectatum
598 3532 815 3618 spiritualiter
846 3533 882 3596 in
913 3533 1008 3610 bono,
1040 3534 1123 3612 utili,
1155 3541 1216 3600 aut

168 3646 184 3671 “
207 3637 354 3711 honesto,
377 3639 539 3736 quantum
561 3630 774 3698 ⁰deloctabar
795 3639 876 3699 tunc
898 3635 1029 3722 explere
1055 3636 1217 3702 desideria

169 3851 185 3877 “
209 3839 399 3926 voluptatis.
447 3837 615 3932 Quotiens,
639 3837 791 3916 Domine,
813 3838 872 3916 ira,
896 3847 931 3905 et
960 3840 1044 3916 odio,
1067 3848 1101 3906 et
1130 3842 1219 3906 mala

170 3955 186 3980 “
210 3943 393 4021 voluntate,
409 3942 513 4005 iratus
535 3962 607 4004 sum
631 3940 790 4027 proximis
806 3961 910 4026 usque
932 3943 975 4007 ad
990 3942 1217 4008 vehementem

169 4059 186 4084 ‘⁴
209 4047 393 4134 appetitum
415 4043 580 4119 vindictae,
604 4064 703 4128 quam
725 4041 779 4107 vel
801 4043 909 4121 intuli,
926 4043 978 4109 vel
1001 4043 1219 4111 contristabar

169 4162 187 4188 “
210 4150 329 4215 inferre
361 4168 429 4211 non
460 4167 573 4233 posse;
604 4166 671 4210 non
704 4145 888 4211 deliberans
909 4147 998 4211 inter
1024 4148 1154 4232 justum
1183 4153 1218 4212 et

209 4463 216 4495 ¹
228 4442 290 4512 'l’hia
301 4462 432 4526 persagnia
442 4461 486 4512 left
496 4460 655 4526 incomplotc.
752 4460 761 4491 ⁴
773 4460 864 4511 maadi
873 4461 899 4510 in
910 4462 965 4512 MS.

205 4545 215 4574 ²
225 4541 384 4592 reconsiliare
394 4542 421 4590 iu
434 4541 490 4592 MS.
753 4541 763 4568 ⁵
773 4539 978 4589 abhominabiliter
989 4539 1016 4590 in
1028 4539 1085 4591 MS.

208 4622 384 4685 ''J'orinolioaee
398 4621 424 4669 in
438 4620 494 4671 MS.
751 4619 761 4649 l
772 4616 936 4668 delectabitur
947 4618 972 4669 in
984 4619 1040 4671 MS.
