3038 5452
307 687 372 754 tce
685 706 793 756 casm
815 706 980 758 semron

153 879 273 944 Thffl»
306 890 325 916 “
343 889 483 956 honestis,
504 895 733 950 committantur.
770 895 834 966 Ipsi
855 912 971 966 quoque
990 894 1204 952 obedientiarii
1222 897 1362 954 fraudem

164 949 261 1078 ἔδοξε,
305 972 485 1033 “derebus
509 978 649 1034 Ecclesiae
676 980 772 1034 facere
791 985 857 1034 ante
882 980 980 1035 omnia
997 987 1191 1051 praecaveant,
1212 1000 1361 1039 summam

181 1083 250 1134 Ap),
306 1066 324 1091 “
346 1060 469 1134 Regula
492 1064 524 1118 in
550 1065 605 1118 hae
630 1069 713 1134 parto
737 1064 851 1135 jugiter
879 1064 1105 1120 considerantes.
1143 1064 1185 1120 Et
1208 1065 1282 1137 quia
1306 1067 1363 1139 per

154 1153 274 1200 last-tt.
304 1151 324 1178 “
343 1151 432 1222 ipsos,
452 1153 486 1204 ut
511 1153 556 1204 cst
580 1148 699 1212 dictum,
721 1148 838 1203 facilius
855 1154 956 1204 nostra
973 1150 1053 1204 fama
1074 1150 1228 1222 denigrari
1247 1157 1358 1224 posset,

181 1241 248 1255 ““·“
303 1238 322 1262 “
342 1233 527 1306 precipimus
553 1237 587 1287 nt
612 1250 727 1303 semper
754 1249 786 1287 se
813 1233 934 1288 honeste
961 1234 1096 1299 habeant,
1128 1235 1298 1305 prasertim
1326 1237 1359 1290 in

301 1321 320 1345 “
341 1324 497 1388 conspectu
514 1316 614 1387 populi
623 1339 632 1380 3
652 1316 688 1370 ab
706 1315 821 1374 illicitis
845 1322 876 1371 et
893 1317 1004 1372 dolosis
1023 1319 1221 1373 contractibus
1240 1319 1358 1375 omnino

300 1404 319 1431 ‘⁶
339 1403 513 1464 abstineant,
538 1399 729 1455 mercimonia
753 1400 902 1470 prohibita
931 1402 980 1457 vel
1010 1402 1165 1457 inhonesta
1193 1421 1252 1458 non
1276 1420 1357 1458 exer·

298 1488 318 1513 “
338 1491 433 1548 ceant,
453 1484 570 1538 nullum
588 1484 618 1537 vi
638 1489 689 1539 eut
706 1484 826 1555 injustis
846 1485 1047 1541 exactionibus
1066 1486 1246 1557 opprimant,
1267 1504 1321 1543 sau
1339 1505 1357 1542 e

297 1572 316 1601 ‘⁴
335 1569 480 1625 ministris
499 1567 627 1639 opprimi
645 1569 768 1634 faciant3
789 1568 936 1634 tabernas,
963 1571 1012 1624 vel
1030 1570 1089 1624 alia
1106 1570 1172 1624 loos
1189 1570 1354 1637 inhonesta,

287 1643 319 1681 ’“
339 1655 450 1709 intrare
475 1670 533 1707 non
560 1660 758 1724 praesumant;
787 1655 935 1709 consortie
961 1654 1122 1708 mulierum
1139 1655 1171 1708 in
1190 1656 1272 1710 omni
1290 1656 1356 1713 loco

295 1742 313 1765 “
334 1739 451 1810 penitus
476 1737 605 1800 evitent3
624 1737 655 1790 in
680 1738 814 1801 cameris,
836 1738 884 1792 vel
902 1737 975 1793 locis
999 1737 1133 1808 privatis,
1154 1738 1234 1794 infra
1252 1737 1357 1811 ¹septa

294 1825 313 1848 ‘⁴
333 1821 514 1884 Monasterii
534 1821 582 1877 vel
600 1821 763 1885 Prioratus,
782 1839 840 1876 non
858 1821 1012 1876 comedant
1029 1822 1077 1877 vel
1096 1822 1207 1877 bibant.

329 1909 348 1936 “
359 1906 529 1961 Inhibemus
548 1904 637 1961 etiam
655 1905 729 1976 ipsis
748 1904 983 1968 Obedisntisriis,
998 1912 1029 1960 et
1041 1905 1268 1977 quibuscunque
1286 1907 1355 1963 eliis

294 1995 312 2018 ‘⁴
332 1990 474 2046 iratribus
492 1989 611 2052 nostris,
631 2006 668 2043 ne
686 2007 797 2054 arcum,
818 1989 961 2060 gladium,
983 2007 1036 2043 scu
1055 2007 1239 2061 quascunque
1259 2008 1353 2055 erma,

292 2073 312 2102 “
332 2075 441 2146 ebsque
459 2079 559 2128 nostra
583 2073 703 2144 speciali
721 2073 849 2137 licentia,
876 2079 977 2128 tencre
1004 2082 1191 2144 praesumant.
1232 2075 1355 2146 Siquis

293 2161 312 2186 “
331 2164 429 2214 autem
447 2159 608 2221 tabernam,
628 2158 676 2212 vel
689 2157 808 2212 domum
826 2158 1027 2229 cujuscunque
1040 2158 1119 2221 laici,
1139 2159 1250 2213 nisiex
1262 2176 1355 2215 causa

291 2244 311 2270 ‘⁴
329 2242 507 2306 rationabili,
528 2247 558 2296 et
575 2258 644 2296 cum
656 2241 779 2296 honesta
797 2242 946 2306 societate,
960 2243 1081 2306 intrare,
1096 2243 1145 2297 vel
1162 2243 1195 2297 in
1212 2241 1352 2299 domibus

291 2329 310 2353 ‘¹
330 2327 482 2391 laicorum,
509 2327 637 2397 exceptis
668 2325 883 2390 itinerantibus,
909 2326 1062 2381 comedere
1088 2327 1136 2381 vel
1154 2326 1260 2381 bibere
1277 2345 1353 2398 prae·

290 2413 310 2437 “
330 2411 499 2481 sumpserit,
519 2427 572 2481 pro
585 2409 716 2480 qualibet
727 2410 792 2463 vice
804 2428 857 2480 per
874 2427 967 2465 unum
985 2410 1064 2464 diem
1082 2410 1113 2464 in
1129 2427 1205 2480 pane
1224 2418 1257 2467 et
1274 2428 1352 2482 aqna

291 2498 310 2521 ‘⁶
326 2495 449 2566 jejunet.
486 2494 523 2548 In
541 2493 737 2564 emptionibus
756 2498 862 2557 autem,
890 2493 1120 2557 venditionibus,
1147 2499 1178 2548 et
1195 2494 1265 2550 aliis
1283 2512 1352 2551 con·

291 2582 310 2606 “
329 2580 482 2643 tractibus,
507 2578 622 2634 nullum
652 2577 788 2633 studeant
813 2578 958 2649 decipere,
980 2579 1041 2641 sed,
1062 2579 1210 2649 Regulam
1237 2580 1269 2633 in
1295 2580 1352 2635 hac

291 2667 309 2690 “
328 2669 411 2734 parte
430 2667 594 2734 sequentes,
607 2680 656 2717 res
673 2661 833 2717 vendendas
851 2663 1066 2733 aliquantulum
1083 2663 1175 2731 vilius
1193 2663 1302 2720 dentur
1315 2665 1352 2721 ab

290 2751 308 2774 “
328 2748 389 2803 illis
409 2765 496 2818 quam
514 2747 550 2801 ab
568 2746 635 2801 aliis
655 2746 855 2801 sacularibus.

326 2835 345 2860 ‘¹
364 2831 472 2886 Nullus
491 2830 737 2894 obedientiarius,
757 2831 958 2901 cujuscunque
985 2832 1076 2886 fucrit
1093 2830 1259 2901 dignitatis,
1280 2851 1350 2888 con·

292 2915 311 2945 ⁴⁶
330 2917 459 2981 ditionis,
472 2915 520 2969 vel
543 2919 647 2980 status,
667 2914 704 2969 ad
716 2915 946 2985 pernoctandum
959 2922 1041 2969 extra
1058 2915 1284 2982 Monasterium,
1299 2919 1349 2973 vel

289 3005 309 3028 “
328 3002 504 3064 Prioratum,
525 3000 603 3054 exiro
615 3005 784 3071 prasumat,
798 2999 856 3052 nisi
869 2999 964 3054 exitus
984 3001 1031 3054 sui
1049 3017 1178 3064 causam,
1199 3007 1231 3055 et
1249 3002 1350 3058 locum

289 3090 308 3112 “
328 3086 473 3157 adquam
503 3086 599 3140 iturus
618 3088 672 3147 est,
700 3089 730 3138 et
757 3085 873 3154 quando
902 3091 1078 3147 revertetur,
1111 3084 1218 3154 majori
1238 3088 1290 3156 qui
1317 3088 1348 3142 in

289 3173 308 3196 “
327 3169 516 3232 Monasterio,
535 3167 583 3222 vel
601 3166 747 3230 Prioratu,
767 3185 896 3237 praesens
921 3168 1020 3232 fucrit,
1041 3168 1124 3239 prius
1139 3170 1202 3222 sine
1227 3171 1348 3227 fictione

289 3254 503 3325 “exposuerit
542 3251 800 3307 Oontravenientes
827 3268 898 3306 vero
925 3269 1011 3322 poena
1040 3256 1151 3306 temere
1173 3255 1347 3311 exeuntium

288 3337 305 3364 “
325 3340 530 3409 percellantur.
567 3336 676 3390 Nullus
695 3337 784 3390 ctiam
797 3335 1033 3390 Obediontiarius
1051 3330 1145 3389 no'stri
1159 3337 1345 3406 Monasterii,

290 3424 308 3448 ‘⁴
328 3422 527 3493 cujuscunque
546 3421 636 3474 fuerit
654 3424 757 3482 status,
778 3420 932 3490 pecuniam
956 3420 1036 3473 ultra
1054 3437 1199 3473 summam
1225 3429 1346 3478 centum

288 3509 307 3532 “
327 3505 497 3569 solidorum,
525 3504 634 3573 absquo
661 3509 761 3557 nostra
780 3504 901 3574 speciali
925 3503 1051 3566 licentia,
1079 3508 1183 3556 mutuo
1210 3506 1346 3576 recipere

288 3595 306 3617 ‘⁴
325 3596 500 3660 praesumat:
521 3588 798 3643 Sub-obedientiarii
815 3606 886 3642 vero
905 3604 1049 3642 summam
1061 3587 1169 3657 viginti
1182 3588 1346 3646 solidorum

287 3679 306 3702 “
325 3676 357 3728 in
386 3673 493 3728 talibus
524 3673 634 3727 mutuis
665 3689 850 3742 nequaquam
882 3671 1028 3725 excedant.
1083 3671 1120 3724 Iu
1157 3671 1345 3732 Prioratibus

288 3763 305 3791 “
325 3758 434 3813 nostris
453 3756 553 3811 nullus
566 3756 683 3810 omuino
695 3755 850 3811 officiarius
870 3773 1015 3810 summam
1032 3755 1156 3826 triginta
1168 3757 1342 3824 solidorum,

287 3848 305 3872 “
326 3844 436 3914 absque
454 3841 568 3896 Prioris
586 3839 706 3894 licentia
730 3840 859 3909 speciali,
887 3840 918 3894 in
943 3839 1055 3894 mutuis
1081 3850 1243 3911 praesumat
1261 3861 1345 3900 exce·

288 3933 307 3959 “
327 3930 405 3984 dere.
445 3926 478 3982 Si
497 3924 563 3994 quis
582 3929 680 3978 autem
693 3920 939 3988 Obedientiarius,
961 3925 1024 3979 sive
1042 3924 1218 3981 Monasterii
1237 3929 1343 3993 nostri,

289 4016 307 4043 “
328 4014 390 4068 sive
408 4009 530 4080 alicujus
549 4005 710 4071 Prioratus,
730 4024 783 4076 per
796 4008 948 4079 scriptum,
963 4008 1085 4072 talliam,
1105 4009 1153 4063 vel
1166 4013 1344 4082 recognitio-

290 4102 309 4125 “
329 4115 406 4162 nem,
426 4101 478 4151 aut
497 4092 600 4165 quovis
613 4090 671 4146 alio
681 4089 776 4152 modo,
785 4089 1008 4156 Monaeterium,
1023 4091 1198 4159 Prioratum,
1218 4095 1267 4149 vel
1280 4096 1342 4153 offi-

293 4186 312 4210 “
332 4183 420 4245 cium,
436 4181 515 4236 ultra
531 4190 676 4234 summam
688 4174 846 4231 limitatam
871 4177 992 4247 propria
1012 4177 1188 4235 auctoritate
1207 4180 1342 4250 obligare

293 4270 312 4295 ‘⁴
331 4263 563 4338 praesumpserit,
578 4262 614 4315 ab
634 4261 727 4314 officio
741 4278 793 4315 suo
812 4260 986 4330 dejiciatur;
1001 4268 1031 4314 ct
1048 4261 1184 4327 ulterius,
1199 4268 1341 4335 tauquam

294 4350 511 4412 “inobediens
537 4351 567 4402 ct
587 4346 740 4417 praescntis
760 4344 985 4399 constitutionis
1005 4351 1197 4416 contemptor,
1222 4349 1340 4419 regule·

293 4435 405 4487 “riter
436 4433 582 4504 punietur.
639 4429 696 4483 Per
726 4427 867 4500 praedicta
890 4435 987 4482 tamen
1018 4430 1165 4495 nolumus,
1191 4437 1226 4487 ut
1249 4433 1338 4488 alicui

299 4568 455 4576 -m-——v-
472 4569 510 4575 ...-
520 4568 604 4575 —--—·
614 4568 625 4575 ,
643 4567 666 4573 -
678 4565 919 4573 -.—-—...-...-

724 4647 730 4676 ¹
743 4655 812 4710 cepta
825 4647 851 4695 iu
864 4646 918 4696 MS.
