3038 5452
355 703 421 766 480
751 711 929 765 arrruorx
952 698 1015 786 (a)

354 906 373 929 ‘⁴
392 901 648 965 communicamus,
669 908 699 957 et
717 902 978 957 excommunicatos
1003 903 1184 965 nunciamus,
1211 918 1311 956 omnes
1336 900 1408 957 illos

353 990 373 1012 “
393 986 445 1058 qui
462 987 601 1042 eeclesias
621 1004 673 1041 suo
691 986 759 1056 jure
777 986 895 1056 privare
913 991 1097 1057 praesumuut
1120 985 1276 1049 malitiose,
1297 1003 1331 1040 ac
1350 1003 1408 1056 per

353 1074 372 1096 ‘⁶
392 1070 534 1126 malitiam
554 1070 711 1125 earundem
730 1069 880 1124 libertates
898 1069 1061 1140 iufringere
1080 1069 1128 1123 rel
1146 1070 1320 1140 perturbare
1337 1087 1408 1124 cou-

354 1158 372 1181 “
392 1153 531 1218 tendunt;
546 1156 596 1209 ubi
608 1156 667 1209 tria
680 1171 790 1224 genera
801 1153 952 1208 hominum
965 1154 1271 1209 excommunicationis
1283 1154 1407 1208 viuculo

353 1241 372 1265 ‘⁴
391 1239 566 1294 innodantur
577 1239 798 1303 3-auferentes,
825 1236 947 1302 scilieet,
974 1238 1106 1293 eeclesiis
1126 1256 1180 1293 sua
1199 1238 1278 1308 jura,
1299 1238 1406 1292 infrin-

353 1326 371 1349 “
391 1327 493 1393 gentes
521 1322 733 1377 ecclesiasticas
758 1322 920 1384 liberte-tea,
943 1328 973 1377 et
998 1322 1149 1386 fractione,
1176 1323 1258 1376 ¹sive
1284 1327 1406 1377 eonten-

352 1409 371 1433 '‘
390 1406 477 1471 tione,
499 1406 650 1460 turbantes
677 1404 920 1474 easdem-quod
944 1423 1001 1460 non
1027 1406 1123 1460 solum
1148 1405 1346 1476 intelligimus
1366 1406 1406 1460 de

350 1493 369 1517 “
389 1490 576 1561 generalibus
595 1489 783 1544 libertatibus
803 1489 979 1543 universalis
1005 1488 1155 1553 Ecclesiae,
1176 1506 1280 1543 verum
1312 1490 1406 1544 etiam

351 1576 370 1601 ‘⁸
389 1572 425 1627 de
444 1573 619 1644 specialibus
631 1572 827 1635 libertatibus,
847 1579 908 1627 tam
928 1573 1137 1643 temporalibus
1157 1591 1245 1643 quam
1263 1573 1407 1644 spiritua·

349 1660 369 1683 “
389 1656 475 1719 libus,
495 1662 596 1711 contra
613 1656 770 1726 justitiam,
796 1656 932 1710 ecclesiia
952 1656 1161 1727 cujuscunque.
1200 1657 1237 1711 In
1256 1674 1315 1728 quo
1333 1657 1406 1713 illos

350 1744 370 1769 '‘
389 1740 631 1795 excommunicari
656 1739 850 1809 intelligimus
869 1740 1025 1810 praecipue,
1047 1741 1097 1811 qui
1123 1740 1233 1796 litteris
1251 1746 1305 1795 aut
1327 1741 1406 1812 juri-

350 1825 443 1879 “bus
472 1823 584 1879 laicalis
612 1822 710 1878 Curius
743 1840 897 1878 causarum
935 1823 1199 1879 ecclesiasticarum
1231 1842 1406 1894 processum

350 1914 369 1937 ⁴⁶
388 1908 562 1981 impediunt,
583 1926 648 1978 qum
667 1909 709 1962 ita
727 1908 764 1962 ad
782 1907 946 1962 Ecclesium
965 1908 1111 1979 pertinere
1130 1914 1303 1973 noscuntur,
1324 1909 1406 1979 quod

350 1998 369 2021 ⁴⁴
388 1994 555 2049 nullatenus
573 1999 704 2063 possunt,
719 2009 771 2046 nec
790 1998 1011 2054 consueverunt,
1032 2009 1085 2062 per
1097 1992 1237 2046 saeculare
1252 1991 1405 2060 judicium

351 2081 369 2106 ‘⁶
389 2077 549 2133 terminari.
588 2075 671 2144 Quod
689 2075 823 2137 dicimus,
850 2092 907 2128 uon
935 2074 1117 2129 intendentes
1136 2075 1309 2145 prurdictam
1337 2094 1405 2130 seu·

351 2164 370 2189 “
389 2161 511 2216 tentiam
529 2158 566 2213 ad
585 2160 656 2214 istos
677 2157 877 2213 tantummodo
896 2164 1036 2222 coartare,
1057 2176 1110 2215 uec
1128 2159 1311 2213 turbationes
1326 2159 1406 2229 juri·

351 2249 369 2271 ‘⁶
389 2262 440 2299 um
459 2243 723 2299 ceclesiasticorum
742 2242 815 2296 alias
833 2242 1044 2312 approbantem
1072 2242 1124 2296 sed
1143 2242 1213 2312 quia
1229 2243 1406 2313 hujusmodi

349 2332 368 2356 “
388 2327 445 2383 Dei
463 2333 494 2383 ct
510 2326 650 2381 Ecclesiae
669 2325 802 2380 inimicos
821 2325 956 2380 volumus
974 2326 1073 2397 rigore
1091 2326 1190 2381 debito
1208 2327 1369 2397 castigare.

527 2608 577 2672 Dc
603 2605 947 2673 carcerariuuicationc
970 2604 1233 2691 diffumotorum.

386 2767 404 2787 ‘⁴
417 2761 503 2822 Item,
525 2758 809 2813 excommunicamus
828 2775 928 2812 ornnes
941 2758 1017 2822 illos,
1038 2759 1088 2828 qui
1107 2760 1205 2830 gratia
1222 2761 1294 2826 odii,
1314 2761 1404 2826 lucri,

350 2844 369 2872 '⁴
390 2844 437 2898 vcl
462 2842 578 2905 fauoris,
598 2841 646 2895 vel
673 2840 731 2896 alia
756 2859 928 2911 quacunque
955 2842 991 2895 dc
1018 2860 1115 2904 causa,
1136 2843 1224 2898 alicui
1254 2844 1405 2902 malitiose

351 2934 369 2956 ‘⁶
390 2927 501 2982 crimen
533 2927 695 2995 imponunt,
723 2943 789 2978 cuni
815 2926 971 2979 infamatus
995 2942 1052 2979 non
1077 2927 1117 2980 sit
1140 2928 1218 2996 apud
1249 2928 1343 2984 bonos
1375 2942 1406 2986 ct

350 3017 368 3038 “
389 3028 512 3083 graves3
539 3009 632 3064 uteie
654 3008 757 3062 saltem
777 3009 803 3061 ei
822 3008 960 3079 purgatio
985 3009 1139 3073 iudicatur,
1160 3013 1207 3064 vel
1232 3013 1291 3066 alio
1314 3013 1404 3069 modo

348 3099 367 3122 ‘⁶
387 3099 535 3166 gravetur.

348 3317 398 3382 De
421 3314 767 3381 erconrrnunirutione
793 3314 889 3397 jebu
923 3316 1118 3380 testimonio
1137 3316 1396 3399 perhibentium,

503 3440 562 3481 serr
579 3417 674 3500 justu
696 3415 925 3480 niu-trinaour'u
943 3415 1232 3502 perturbantium..

384 3572 498 3632 “Item,
531 3588 631 3623 omnes
662 3570 729 3623 illos
761 3571 905 3624 sententia
934 3570 1054 3641 majoris
1091 3575 1396 3629 excommunicationis

348 3659 367 3683 ‘¹
387 3652 566 3715 innodamus,
580 3654 630 3722 qui
645 3654 770 3707 scienter
783 3653 830 3706 vel
848 3654 1007 3724 prudenter
1025 3655 1132 3708 falsum
1149 3656 1305 3726 perhibent
1316 3659 1397 3712 testi·

348 3743 366 3767 “
386 3735 586 3800 monium,ch
606 3737 759 3806 perhibere
778 3745 953 3805 procuraut3
974 3739 1021 3792 vel
1041 3739 1130 3793 etiam
1143 3741 1194 3810 qui
1212 3742 1287 3796 tales
1307 3748 1394 3797 testes

346 3826 364 3850 “
385 3820 511 3875 scienter
541 3819 716 3889 producunt,
731 3819 780 3871 vel
807 3818 975 3884 subornant,
996 3822 1026 3875 iu
1053 3838 1142 3876 causa
1166 3825 1394 3889 matrimoniali;

348 3912 366 3934 ‘⁴
386 3905 437 3960 ubi
464 3903 563 3974 agitur
590 3909 692 3956 contra
718 3902 947 3967 matrimonium,
970 3905 1018 3958 rel
1044 3904 1094 3958 ubi
1118 3907 1218 3977 agitur
1243 3908 1280 3962 ad
1305 3909 1394 3963 ullius

348 3996 365 4017 ··’
386 3986 656 4050 exhaeredationem.
695 3985 859 4041 Adsecutus
884 4005 1000 4060 quoque
1025 3991 1311 4048 excommunicamus
1335 4009 1394 4047 om·

347 4080 365 4101 ‘⁸
385 4091 446 4136 nes,
474 4071 524 4142 qui
552 4072 582 4124 in
612 4073 708 4125 causis
739 4071 1002 4125 matrimonialibus
1034 4073 1179 4128 malitiose
1210 4076 1395 4147 exceptiones

347 4163 365 4187 “
385 4163 541 4231 opponunt,
555 4154 603 4209 vel
622 4156 726 4226 opponi
746 4165 912 4226 procurant,
927 4174 963 4211 ne
976 4157 1163 4211 matrimonia
1175 4175 1245 4213 vera
1263 4159 1394 4214 debitum

345 4244 544 4301 “sortiantur
580 4239 724 4301 effectum,
757 4238 805 4294 rel
841 4245 882 4304 ut,
923 4247 1023 4300 contra
1049 4241 1206 4315 justitiam,
1238 4260 1395 4318 processus

345 4335 363 4362 “
384 4348 478 4392 rause
496 4326 607 4388 diutius
627 4323 827 4402 suspendatur.

347 4521 386 4529 υ..

710 4628 716 4662 ¹
729 4626 818 4679 Before
829 4626 973 4690 “fractione
985 4627 999 4647 ”
1011 4625 1035 4676 ἰη
1047 4624 1102 4677 MS.
