3038 5452
421 688 631 740 nossssmn
653 687 776 747 ennom
797 686 933 738 annam.
1146 677 1209 743 239

155 879 177 909 “
203 877 290 951 cuta,
317 893 375 960 per
402 872 586 953 Statutum,
601 894 667 959 quo
693 877 829 939 cavetur
847 894 889 943 ne
913 878 1012 940 torrae
1038 893 1096 938 seu
1119 879 1211 939 tene·
1224 875 1381 941 Richardn..

155 982 177 1011 “
202 979 314 1041 menta
339 978 382 1053 ed
404 999 541 1042 manum
562 981 729 1042 mortuam
751 976 931 1042 deveniant
953 975 1209 1062 quoquomodo,
1251 945 1347 1073 Αἴξ,

154 1090 174 1114 00
201 1087 402 1168 praeceptum
424 1087 475 1147 est
497 1080 691 1147 vicecomiti
713 1080 801 1166 quod
832 1079 946 1145 venire
968 1079 1069 1153 faciat
1098 1080 1183 1145 hic·
1174 1100 1210 1144 m
1234 1077 1363 1194 ηξιθιιέῦ

156 1192 177 1216 “
204 1183 341 1250 Octabis
363 1184 477 1250 Sancti
499 1183 664 1249 «Iohannis
695 1183 857 1299 Baptistae
887 1183 1060 1249 duodecim
1091 1189 1122 1251 et
1152 1203 1210 1248 ccc·
1267 1237 1334 1252 .-

156 1292 179 1322 “
204 1291 284 1364 wan,
303 1307 362 1373 per
383 1308 465 1372 quos
488 1292 518 1354 et
540 1291 664 1365 caetero,
687 1285 802 1370 etqui
824 1284 1021 1373 praedictum
1042 1285 1254 1353 Abbatem⁰⁰
1239 1275 1381 1328 0110000000

157 1395 179 1423 00
202 1387 296 1453 nulle
318 1395 347 1455 et
369 1395 491 1457 censo
551 1387 597 1453 Et
628 1387 717 1473 quod
738 1388 818 1453 scire
840 1386 943 1454 faciat
971 1387 1123 1476 capitatis
1152 1387 1208 1453 do-
1222 1343 1360 1462 §deditii

155 1497 177 1526 “
201 1490 312 1555 minus
333 1490 421 1555 feodi
443 1495 474 1557 et
497 1496 613 1558 ceeia
639 1490 793 1557 mediatis
823 1495 858 1556 et
886 1490 1097 1573 immediatis,
1120 1476 1368 1578 ιιιιοι]1010000000

158 1596 182 1627 “
204 1595 286 1658 tunc
308 1590 377 1658 sint
399 1592 506 1671 ibi,'
481 1597 563 1658 siet
585 1597 708 1658 caeteco.

207 1694 297 1759 “Ad
324 1716 421 1780 quem
452 1694 541 1760 diem
573 1694 666 1760 venit
696 1694 875 1782 praedictus
896 1695 1019 1777 Abbas,
1042 1717 1102 1783 per
1129 1716 1212 1785 prae-

157 1797 330 1862 “dictum
360 1801 567 1863 attornetum
596 1819 716 1878 suum;
744 1801 780 1863 et
809 1796 996 1865 Vicecomes
1024 1818 1093 1864 non
1122 1797 1214 1862 misit

157 1907 179 1934 00
201 1897 310 1968 breve.
360 1899 440 1965 Ideo
462 1904 665 1986 praeceptum
696 1903 747 1964 cst
773 1896 975 1975 Vicecomiti,
1001 1899 1087 1965 sicut
1112 1899 1212 1985 prius,

159 2009 179 2037 “
203 2002 291 2088 quod
314 2003 426 2067 venire
441 2001 541 2068 societ
563 2002 616 2066 hic
638 2024 659 2066 a
682 2001 734 2066 die
751 2000 864 2066 Sancti
880 2000 1049 2067 Michaelis
1063 2001 1100 2067 in
1118 2001 1214 2088 quin·
1310 2014 1313 2023 ’

159 2111 179 2139 00
203 2102 308 2168 decim
324 2103 402 2184 dies,
426 2103 491 2168 nisi
513 2103 683 2170 Johannee
706 2103 747 2169 de
766 2103 997 2191 Cantebrugge
1020 2103 1073 2170 die
1094 2102 1214 2168 Martis

162 2214 182 2242 “
204 2205 242 2273 in
256 2207 399 2272 crastino
423 2205 539 2273 Sancti
562 2205 734 2275 Laurentii
761 2205 918 2292 Martyris
942 2207 1032 2294 apud
1053 2205 1213 2272 Sanctum

161 2315 180 2345 ‘⁴
204 2308 372 2374 Albanum
395 2309 486 2395 prius
501 2309 640 2387 venerit,
658 2307 832 2375 duodecim
854 2315 883 2374 ct
903 2315 1026 2387 coetera,
1052 2330 1111 2398 per
1134 2330 1214 2394 quos

160 2418 180 2444 “
203 2417 233 2476 at
256 2417 380 2492 coetera,
397 2416 431 2477 et
454 2411 512 2497 qui
534 2411 730 2498 praedictum
745 2410 913 2475 Abbatem
927 2409 1021 2475 nulle
1035 2416 1066 2477 at
1087 2416 1212 2477 coetero

163 2520 180 2549 “
205 2512 252 2578 Et
277 2514 366 2600 quod
395 2513 476 2580 scire
506 2513 608 2581 faciet
637 2512 787 2600 capitalis
817 2510 972 2578 dominus
1002 2511 1090 2578 feodi
1124 2511 1214 2577 illius

164 2622 183 2652 “
205 2615 359 2682 mediatis
382 2621 417 2682 et
439 2616 647 2696 immediatis,
662 2616 752 2702 quod
773 2620 854 2682 tuno
876 2614 944 2681 sint
966 2614 1015 2681 ibi
1036 2621 1067 2683 ct
1088 2621 1213 2694 ecura,

162 2726 181 2755 “
205 2718 233 2783 si
256 2725 286 2786 et
307 2725 431 2787 coetero.
490 2720 535 2786 Et
565 2719 700 2786 interim
722 2725 752 2785 et
774 2724 897 2786 coetoca
953 2718 1000 2784 Et
1020 2716 1214 2786 vicecomiti

163 2827 183 2857 “
207 2820 252 2886 eit
273 2826 303 2888 et
325 2827 449 2889 catera.

210 2928 229 2959 “
244 2922 299 2988 Ad
321 2944 418 3009 quem
440 2922 529 2991 diem
551 2924 646 2989 venit
669 2923 792 3003 Abbas,
808 2944 866 3011 per
894 2922 1088 3012 piaedictum
1109 2927 1214 2989 attor-

164 3032 182 3061 “
206 3030 325 3092 natum
351 3048 468 3108 suum;
500 3030 535 3092 et
567 3024 737 3091 Johennes
771 3024 813 3090 de
844 3024 1083 3112 Cantebrugge,
1105 3046 1213 3090 eoram

165 3134 272 3214 “quo
299 3129 456 3214 praedicte
473 3126 590 3214 jurata
611 3131 709 3214 capta
734 3126 801 3191 fuit
831 3127 868 3190 in
897 3127 1013 3214 petria,
1040 3126 1132 3193 misit
1160 3127 1213 3193 hic

163 3237 182 3266 “
207 3230 409 3297 veredictum
431 3231 590 3317 patriae,
580 3252 617 3294 ιιι
639 3229 710 3296 haec
731 3229 855 3295 verba·
857 3266 902 3278 -

213 3333 399 3411 “‘,Postea
427 3332 471 3397 ad
493 3332 667 3419 praedictos
695 3330 783 3397 diem
813 3337 848 3397 et
870 3331 987 3411 locum,
1016 3352 1125 3397 coram
1154 3331 1214 3398 J
1180 3353 1214 3398 o
1224 3349 1325 3402 Record
1336 3352 1367 3401 οι

163 3446 182 3472 00
206 3435 337 3503 ‘henne
361 3435 401 3500 ds
426 3435 665 3522 Oantebrugge‚
686 3434 844 3501 associato
867 3433 931 3499 sibi
946 3433 1071 3500 'l'h0ma
1086 3433 1268 3534 Wffi0tof⁰
1226 3416 1268 3467 000
1285 3419 1382 3470 0000000

165 3547 184 3574 00
209 3547 217 3573 ‘
231 3537 408 3624 praedictus
418 3537 542 3615 Abbas,
555 3559 612 3625 per
626 3537 823 3624 praedictum
837 3536 861 3602 J
862 3536 1025 3603 ohannem
1040 3537 1081 3603 de
1096 3537 1211 3604 Blede-
1224 3552 1300 3602 athe
1257 3485 1383 3603 madida

163 3647 183 3677 “
208 3639 313 3706 ‘lowe
335 3645 369 3706 et
395 3641 579 3705 Robertum
606 3640 648 3704 de
671 3640 757 3726 Hay,
784 3644 969 3705 ettometos
991 3661 1076 3721 suos,
1096 3641 1212 3707 venit·
1204 3617 1365 3737 ,ᾒοὼοζὶ

165 3750 185 3780 00
208 3746 268 3808 ‘et
294 3741 448 3808 similiter
464 3741 572 3828 jurati
593 3741 742 3808 veniunt.
790 3741 857 3823 Qui
880 3742 996 3808 dicunt
981 3747 1127 3830 t,super
1161 3765 1212 3809 sa·
1225 3751 1357 3814 colluam,

165 3854 184 3883 “
208 3849 435 3911 ‘crementum
458 3866 563 3926 suum,
588 3845 675 3930 quod
696 3843 788 3909 nulla
811 3850 862 3910 est
884 3844 974 3910 fraus
996 3867 1058 3914 nec
1079 3819 1348 3934 collusiontfff

166 3954 184 3985 00
207 3946 321 4013 ‘inter
342 3947 517 4035 praedictos
539 3946 707 4013 Abbatem
729 3952 764 4013 et
786 3952 937 4014 tenentes
959 3970 1043 4016 suos
1087 3948 1237 4015 Dicente
1238 3949 1288 4000 ech
1298 3950 1362 4001 m-ul

163 4059 184 4089 “
207 4050 334 4115 ‘etiam
355 4049 598 4136 quodquidam
621 4049 778 4137 Regesne,
799 4050 966 4137 quondam
988 4050 1111 4130 Abbao,
1130 4071 1212 4138 prae·
1224 4015 1371 4135 ffiow

165 4162 183 4192 ‘⁴
206 4152 379 4219 ‘decessor
400 4153 504 4241 ipsius
526 4152 668 4220 Abbatis
690 4174 788 4234 nunc,
810 4152 877 4220 fuit
906 4152 1036 4220 seisitus
1057 4153 1098 4219 de
1124 4158 1213 4220 secte
1225 4148 1381 4205 50000000-

164 4261 185 4292 00
209 4256 392 4342 ‘praedicta
423 4278 482 4342 per
512 4278 630 4322 manus
662 4260 742 4321 tunc
765 4257 952 4322 tenentium
984 4262 1145 4322 terramm
1175 4257 1212 4321 in

161 4367 182 4395 “
206 4358 325 4423 ‘brevi
348 4359 602 4438 nominatarum,
626 4365 666 4425 ut
688 4358 729 4424 de
746 4359 821 4444 jure
843 4359 985 4427 ecclesiae
1007 4380 1075 4426 suae
1097 4357 1212 4425 Sancti

164 4466 187 4497 “
212 4461 370 4539 ‘Albani
408 4468 555 4549 tompore
593 4460 693 4548 Regis
729 4460 876 4542 Henrici,
914 4461 1030 4549 proavi
1075 4461 1212 4526 Domini

165 4571 184 4598 “
209 4563 333 4650 ‘Regis
356 4587 452 4642 nunc,
476 4571 510 4631 et
532 4563 621 4652 quod
642 4563 772 4631 invenit
793 4563 958 4630 ecelesiam
982 4585 1075 4630 suem
1098 4563 1212 4632 Sancti
