3038 5452
317 709 381 771 :³86
693 720 798 768 (ariera
822 719 984 768 lasaron

172 919 289 975 Thomu,
317 908 470 974 adhibere
509 907 762 973 sollicitudinem
805 909 889 972 eirca
931 929 1027 987 eum;
1064 905 1289 992 pracepitque
1327 908 1368 968 nt

183 983 278 1103 iffi,
319 1033 519 1097 quaecunque
541 1011 577 1074 in
600 1011 727 1075 Palatio
750 1010 958 1088 haberentur,
974 1031 1048 1094 quaa
1062 1008 1218 1095 proficere
1232 1010 1370 1095 possent

194 1115 263 1167 M>-
319 1114 389 1199 ejus
399 1112 525 1192 solatio,
536 1112 761 1179 liberalissime
779 1118 1022 1200 praestarentur.
1054 1111 1224 1176 databant
1238 1108 1369 1188 medici,

172 1186 294 1290 ἐἶξα
320 1217 376 1301 qui
406 1216 468 1281 etsi
499 1215 621 1281 seirent
650 1237 684 1280 se
713 1237 782 1280 non
809 1237 902 1302 posse
935 1215 1137 1280 curationem
1167 1211 1368 1299 impendere,

153 1319 202 1396 ²¹3⁶
213 1315 271 1367 soli-
321 1318 438 1384 saltem
452 1317 658 1405 diligentiam
674 1317 819 1382 facerent
833 1317 870 1381 in
885 1321 1067 1404 aegrotum3
1091 1315 1198 1380 multa
1213 1318 1368 1381 vetantes

156 1384 288 1513 mg&
323 1443 366 1486 ex
387 1419 468 1485 escis
491 1424 526 1486 et
547 1420 687 1506 potibus,
712 1442 786 1505 quae
809 1420 863 1485 vel
885 1419 998 1484 morbo
1021 1417 1198 1498 officerent,
1223 1417 1278 1483 vel
1300 1437 1371 1482 mo·

155 1516 279 1634 {¹331ae
323 1522 434 1588 lestias
457 1526 730 1610 augmentarent;
752 1523 809 1588 sed
830 1523 919 1587 inter
941 1521 1052 1586 omnia
1080 1521 1253 1608 potionem
1275 1541 1371 1606 aquae

157 1663 289 1712 money,
324 1626 485 1712 praecipue
507 1624 734 1713 prohibebant.

157 1731 290 1810 nenbr-
370 1727 519 1813 Cumque
541 1727 599 1792 diu
621 1729 656 1792 in
680 1732 777 1793 tanto
801 1725 980 1813 ¹languore
1006 1747 1080 1790 oum
1104 1731 1210 1790 morte
1225 1724 1370 1789 luctatus

157 1800 285 1916 mm
326 1829 451 1911 fuisset,
484 1830 537 1895 die
567 1830 717 1916 quadam,
742 1831 821 1894 dum
843 1830 895 1893 sui
927 1829 963 1892 in
998 1828 1073 1892 aula
1102 1826 1296 1893 residebant
1330 1824 1369 1890 ad

160 1938 243 1983 water.
327 1934 510 2020 prandium,
534 1926 724 2019 supervenit
746 1933 879 2018 quidam
896 1930 1088 2009 Canonious,
1112 1930 1176 1995 sibi
1199 1936 1311 2010 notus,
1333 1928 1372 1992 de

159 2021 304 2138 &ff
327 2037 457 2124 Anglia,
479 2041 594 2122 petens
622 2035 746 2099 infirmi
777 2035 972 2121 colloquium
996 2038 1031 2098 at
1052 2039 1230 2120 aspectum.
1277 2030 1371 2112 Quod

161 2168 224 2218 very
235 2154 266 2203 os
329 2161 403 2205 cum
438 2138 643 2216 obtinuisset,
678 2137 777 2223 petiit
806 2136 849 2201 ab
884 2141 1016 2223 aegroto,
1056 2142 1156 2223 prout
1186 2136 1287 2201 moris
1324 2140 1373 2200 eat

161 2219 270 2336 ἓξὲξ,
330 2240 577 2319 consolantium,
601 2241 743 2326 qualiter
780 2261 813 2304 se
845 2239 988 2304 haberet.
1046 2238 1108 2304 1116
1148 2261 1238 2318 vero,
1278 2259 1372 2325 quern

162 2324 418 2408 morsali-calor
447 2342 650 2407 infirmitatis
679 2343 811 2419 nimius,
835 2347 869 2406 et
891 2342 1029 2407 ariditas
1051 2343 1196 2407 vexabat
1220 2343 1372 2429 gutturis,

162 2416 298 2534 &wid
335 2445 504 2531 respondit
527 2467 561 2511 se
583 2446 665 2510 bene
687 2467 781 2531 posse
804 2445 1036 2526 convalescere,
1060 2444 1088 2508 si
1104 2444 1205 2509 vellet
1229 2445 1258 2509 ei
1275 2442 1375 2510 Cano·

165 2523 303 2629 nucinas
332 2547 424 2611 nicus
458 2551 575 2634 potum
607 2547 757 2611 dare.-“
775 2548 820 2611 Et
850 2548 909 2611 ubi
940 2545 1020 2626 est,”
1050 2547 1160 2632 inquit
1182 2546 1373 2623 Oanonicus,

164 2617 303 2760 iffi&
335 2657 351 2683 “
374 2654 481 2736 potus,
506 2670 602 2734 quern
633 2649 734 2715 debeo
758 2650 836 2715 dare
857 2649 1001 2715 vobisl”
1048 2650 1169 2714 Stabat
1198 2655 1313 2714 autem
1342 2649 1374 2712 in

166 2749 304 2869 qifflm
333 2773 460 2817 camera
483 2752 648 2837 quoddam
670 2774 729 2817 vas
750 2753 884 2839 plenum
908 2774 1001 2839 aqua,
1030 2753 1089 2818 aed
1113 2758 1276 2839 corrupta,
1308 2773 1375 2817 ver·

281 2854 287 2866 '
333 2854 443 2918 mibus
465 2853 602 2919 minutis
614 2854 748 2940 plenum
763 2881 770 2935 ;
791 2856 869 2940 quia
892 2855 960 2919 illic
975 2878 1068 2941 aquae
1082 2857 1208 2920 servari
1223 2877 1291 2921 non
1307 2876 1374 2942 poa

334 2962 412 3022 sunt
434 2956 477 3021 ad
499 2957 613 3022 horam
643 2957 760 3022 aestivo
782 2964 936 3044 tempore,
961 2980 1029 3043 pree
1059 2958 1164 3023 nimio
1187 2963 1223 3023 et
1246 2958 1375 3022 distem·

335 3066 449 3147 parato
480 3061 593 3140 calore,
618 3061 770 3145 quoniam
798 3082 876 3125 mox
909 3066 1110 3125 succrescent
1142 3061 1323 3141 vermiculi,
1346 3065 1376 3123 et

208 3223 210 3228 .
335 3163 484 3229 inficient
506 3185 606 3248 aquas
629 3163 763 3228 haustas
785 3185 901 3249 parum
924 3168 1008 3228 ante.
1065 3165 1188 3228 Statim
1211 3165 1376 3241 Abbas,-

337 3273 356 3300 “
380 3266 461 3331 Ecca
472 3264 504 3327 1”
528 3265 646 3351 inquit,
670 3273 688 3300 “
703 3287 762 3329 vas
777 3264 859 3329 illud
874 3292 881 3345 ;
904 3267 947 3330 da
961 3266 1041 3330 mibi
1057 3265 1170 3332 bibere
1186 3268 1228 3331 de
1243 3264 1378 3333 eodem.’'

339 3367 488 3454 Cumque
510 3373 655 3455 potasset
677 3368 942 3433 inaestimabilem
966 3369 1198 3454 quantitatem,
1222 3370 1379 3435 intumuit

340 3475 456 3533 venter
486 3469 563 3554 ejus,
601 3476 894 3556 succreveruntque
925 3471 1051 3536 dolores
1081 3472 1176 3536 nimii
1212 3472 1253 3537 de
1290 3478 1378 3560 pota

341 3569 440 3635 tionis
478 3593 610 3636 excessu
622 3598 630 3652 ;
668 3579 703 3637 et
734 3573 805 3657 jam
843 3574 930 3638 inter
967 3572 1136 3660 angustias
1174 3577 1378 3652 constitutus

341 3673 495 3758 cognovit
516 3696 549 3739 se
581 3675 714 3741 sibimet
746 3676 933 3741 inordinato
965 3676 1125 3742 desiderio
1156 3677 1381 3764 multipliciter

343 3774 492 3839 obfuisse.
538 3777 681 3843 Dimisso
697 3779 831 3843 tandem
844 3778 1020 3858 Canonioo,
1037 3784 1151 3844 saneto
1166 3801 1226 3845 suo
1242 3780 1381 3847 Patrono

342 3877 538 3963 supplicavit
573 3878 685 3943 Abbas
716 3903 775 3966 pro
812 3881 956 3946 remedio
986 3882 1026 3945 de
1064 3885 1170 3946 tantae
1199 3883 1384 3948 vexationis

343 3980 547 4045 incommodo
579 3980 779 4060 conferendo,
807 3991 840 4048 et
875 4005 942 4048 non
975 3983 1079 4048 multo
1111 3989 1186 4071 post
1218 3983 1384 4073 fatigatus,

343 4082 452 4160 immo,
484 4089 662 4169 superatus,
690 4086 945 4152 atribulatione
975 4087 1134 4151 malorum
1166 4093 1201 4152 et
1231 4088 1385 4167 dolorum,

345 4185 486 4251 dormire
509 4187 616 4272 ooepit.
665 4186 849 4255 Canonious
862 4211 949 4269 vero,
973 4190 1178 4269 descendens,
1195 4212 1271 4256 oum
1294 4191 1385 4257 fami-

344 4277 480 4352 liaribus
502 4288 543 4352 de
568 4289 717 4375 pluribus
740 4292 934 4371 conferebat,
965 4298 1007 4370 et,
1030 4293 1120 4358 inter
1149 4298 1276 4374 caetera,
1301 4294 1384 4381 quod

346 4389 376 4453 ei
413 4391 540 4476 petenti
585 4391 625 4456 de
667 4415 754 4479 aqua
792 4395 930 4482 praefata
969 4401 1086 4482 potum
1126 4395 1269 4478 dederit,
1309 4398 1383 4462 inti·

856 4550 1037 4557 -.——-—·—-.>,
1055 4553 1070 4556 ⁴.
1089 4552 1118 4556 ...
1263 4553 1386 4560 ——-

780 4638 786 4668 ¹
799 4637 894 4704 lanpore
905 4637 932 4687 in
943 4639 998 4688 MS.
