3038 5452
420 729 629 780 noussruau
650 729 772 780 essen
794 728 929 780 messa
1135 712 1202 786 ttd

160 923 176 949 “
200 914 308 1001 hujus,
332 915 475 980 seeundo
515 915 566 980 die
604 915 759 1003 Augusti,
783 937 870 980 anno
898 917 992 1002 regni
1029 917 1081 981 sui
1116 935 1203 981 nono
1235 925 1355 990 Mirhul,

156 1029 174 1057 “
198 1018 333 1096 decimo,
362 1038 423 1104 pro
461 1017 658 1103 quibusdem
688 1018 800 1083 arduis
821 1018 963 1105 negotiis
992 1014 1204 1106 expediendis
1243 994 1339 1124 ffi

156 1130 174 1158 “
197 1125 315 1189 mutuo
352 1119 477 1207 recepit
514 1120 554 1185 de
591 1117 758 1207 ¹peounia,
795 1120 832 1188 in
872 1120 1054 1189 subsidium
1092 1119 1204 1185 Terrae
1260 1127 1328 1183 tn.

160 1233 179 1261 “
201 1222 333 1292 senne
353 1245 374 1288 a
395 1223 481 1290 olere
502 1243 697 1302 conoessum,
724 1224 829 1290 eidem
852 1223 978 1290 Abbati
994 1231 1030 1290 et
1052 1222 1203 1290 Conven-
1231 1199 1354 1301 ¹³,³⁶-'⁴⁹'

158 1331 250 1397 “tui
279 1331 413 1397 nomine
444 1328 572 1396 Summi
612 1329 780 1396 Pontifieis
808 1330 956 1408 liberata
990 1331 1027 1395 in
1055 1330 1203 1417 deposito

158 1447 176 1478 ‘⁴
199 1436 433 1519 eustodienda3
469 1458 550 1522 quas
580 1436 668 1502 idem
690 1435 805 1502 Abbss
834 1444 869 1503 et
892 1438 1086 1503 Conventus
1115 1441 1204 1525 post-

156 1549 175 1580 “
198 1539 334 1606 modum
370 1560 431 1626 pro
461 1559 499 1606 eo
530 1540 628 1626 Rege,
658 1562 721 1605 avo
756 1538 852 1618 dioto,
886 1539 1030 1607 Summo·
1052 1539 1204 1606 Pontifici

153 1652 171 1685 ‘⁴
194 1664 298 1728 usque
313 1641 357 1707 ad
372 1640 510 1708 eundem
531 1641 619 1708 diem
641 1642 767 1708 solvere
789 1642 1009 1723 tenebantur3
1031 1641 1205 1708 mandavit

155 1743 381 1810 “Beronibus
408 1744 476 1809 suis
505 1744 546 1810 de
576 1744 742 1810 Seaoeario
771 1766 830 1831 per
857 1743 947 1810 idem
976 1743 1084 1820 breve,
1117 1745 1205 1829 quod

157 1859 174 1886 ‘⁴
196 1850 285 1943 ipsos
313 1847 481 1914 Abbatem
507 1853 542 1913 et
571 1847 781 1914 conventum
808 1847 885 1911 inde
916 1852 1140 1924 exonerarent,
1171 1852 1206 1912 et

154 1959 174 1991 “
196 1951 326 2038 quietos
346 1971 414 2015 esse
443 1949 595 2016 facerent

204 2062 221 2088 “
243 2052 289 2119 Et
310 2053 397 2118 freto
419 2051 560 2118 ulterius
582 2051 739 2118 scrutinio
763 2049 959 2118 Rotulorum
978 2056 1008 2116 et
1031 2057 1155 2129 omma,
1177 2049 1207 2115 si

160 2165 178 2194 “
199 2155 287 2221 idem
304 2153 430 2234 Abbas,
451 2155 504 2220 vel
523 2154 773 2241 praedecessores
789 2154 849 2231 eui,
872 2153 907 2220 in
928 2153 1039 2240 aliquo
1059 2157 1206 2239 tempore

164 2259 315 2345 “elapso
344 2257 523 2338 solverunt,
546 2258 601 2323 vel
626 2256 754 2322 onerati
777 2256 911 2322 fuerunt
940 2256 981 2321 de
1003 2255 1112 2341 aliquo
1142 2255 1207 2321 alio

168 2361 398 2451 “hujusmodi
442 2360 567 2426 auxilio
605 2363 683 2425 ante
728 2359 853 2425 dietum
888 2379 1012 2423 annum
1054 2363 1206 2424 octavum

166 2473 184 2499 ‘⁴
207 2464 369 2530 decimum
398 2463 462 2542 avi,
492 2485 552 2550 pro
582 2461 680 2528 dietis
709 2461 806 2527 terris
836 2465 871 2527 et
899 2460 1099 2527 tenementis
1128 2461 1205 2538 suis,

164 2575 181 2603 “
204 2587 262 2633 seu
288 2567 436 2654 scutagio
462 2566 593 2632 assessis
614 2586 674 2651 pro
696 2563 800 2630 feodis
823 2563 977 2641 militum,
1004 2564 1206 2651 temporibus

162 2677 180 2706 “
201 2668 449 2757 progenitorum
470 2669 572 2756 Regis
593 2688 701 2749 nuno;
721 2689 790 2733 non
812 2673 865 2732 est
878 2673 1085 2754 oompertum
1107 2688 1207 2754 penes

160 2781 179 2809 “
201 2771 406 2838 Seaeoarium
429 2771 517 2857 quod
539 2770 627 2836 idem
650 2770 772 2848 Abbas,
797 2769 851 2834 vel
876 2769 1125 2856 praedecessores
1147 2769 1206 2846 sui,

164 2883 182 2916 ‘⁶
204 2874 246 2940 de
268 2874 380 2961 aliquo
402 2874 528 2939 anxilio
550 2895 609 2939 seu
632 2872 780 2961 scutagio
801 2871 1006 2960 temporibus
1035 2872 1207 2938 retroaotis

163 2990 180 3018 “
203 2982 330 3051 onerati
352 2980 507 3063 fuenmt3
530 2980 585 3046 vel
608 2979 742 3067 aliquod
765 2979 939 3045 servitium
961 2979 1104 3044 militare
1126 2979 1207 3044 feee-

163 3092 180 3121 “
202 3088 283 3153 rme
319 3105 379 3170 pro
405 3082 502 3149 dietis
539 3083 636 3148 terris
666 3089 700 3148 et
729 3081 927 3148 tenementis
962 3080 999 3146 in
1033 3082 1207 3168 Byggyng,

164 3196 182 3224 “
205 3185 448 3263 Greneeborwe,
484 3191 519 3251 et
549 3185 751 3271 Wynslowe,
782 3188 1007 3270 praeterquam
1044 3182 1085 3247 de
1121 3203 1206 3268 prae·

163 3289 302 3356 “dietis
338 3294 472 3378 eentum
514 3287 634 3366 solidis,
667 3286 714 3352 sio
742 3285 943 3374 perdonetis,
973 3290 1009 3349 et
1041 3284 1208 3372 praedietis

163 3401 180 3429 “
203 3390 278 3457 eliis
316 3396 448 3456 eentum
477 3390 598 3468 solidis,
628 3390 716 3455 unde
742 3388 830 3454 idem
862 3386 976 3452 Abbas
1005 3387 1103 3453 modo
1132 3409 1210 3473 que·

159 3503 177 3533 “
200 3495 295 3562 ritur.

207 3603 224 3633 “
247 3596 293 3661 Et
314 3617 412 3685 super
440 3597 510 3673 hoe,
541 3595 718 3679 quaesitum
747 3599 799 3659 est
827 3616 848 3658 a
876 3591 1039 3680 praedicto
1069 3592 1208 3671 Abbate,

163 3707 182 3736 ‘⁴
204 3698 316 3786 siipse
334 3702 448 3764 teneat
468 3697 580 3783 aliqua
598 3696 665 3762 alia
686 3701 791 3762 terras
806 3699 841 3761 et
863 3699 1052 3761 tenementa
1073 3701 1210 3762 onerata

160 3809 180 3841 ‘⁸
201 3802 243 3867 de
272 3800 406 3867 auxiliis
435 3822 493 3866 seu
519 3800 674 3887 scutagio.
711 3798 803 3864 Dieit
830 3799 916 3885 quod
948 3799 1012 3880 sie;
1048 3798 1209 3877 videlieet,

163 3912 180 3941 ‘⁶
204 3903 335 3970 diversa
361 3903 428 3969 alia
451 3907 556 3969 terras
582 3908 616 3967 et
642 3905 835 3967 tenemente
848 3899 885 3964 in
910 3899 1090 3966 Comitatu
1108 3901 1209 3966 Hert-

161 4015 179 4041 “
201 4005 317 4072 fordiae
346 4007 383 4070 in
418 4005 581 4071 dominioo
610 4010 646 4070 et
677 4003 823 4082 servitio,
851 4024 909 4091 per
942 4003 1115 4069 servitium
1152 4025 1210 4069 sex

162 4117 180 4144 “
203 4107 373 4174 feodorum
394 4107 541 4172 militum
562 4111 715 4183 tantum3
738 4126 797 4192 pro
819 4105 940 4191 quibus
962 4105 1043 4170 dieit
1065 4105 1211 4170 satisfat-

162 4219 180 4246 “
202 4215 276 4276 tum
306 4232 374 4277 esse
395 4211 487 4297 Regi,
511 4216 546 4276 et
558 4207 822 4296 progenitoribus
846 4208 922 4284 suis,
948 4207 989 4272 de
1018 4207 1151 4272 auxiliis
1177 4215 1211 4274 et

164 4321 181 4349 ‘⁴
202 4312 372 4400 soutagi03
409 4316 444 4377 et
473 4333 507 4377 se
537 4316 571 4376 et
599 4309 848 4398 praedeoessores
877 4330 952 4373 suos
981 4308 1117 4372 servitia
1150 4330 1210 4374 sua

570 4629 814 4698 wemereste.
