3038 5452
327 667 393 729 368
703 678 811 727 nassa
834 677 998 728 assamur

179 885 297 944 Minuta,
326 887 364 929 ac
395 865 502 951 ignita
534 866 626 951 quasi
661 865 776 942 facula,
809 869 851 943 et,
884 866 974 931 ultra
1005 886 1102 951 quem
1135 863 1224 929 aredi
1260 867 1386 950 potest,

190 953 286 1080 ffit,
327 989 481 1047 accensa3
504 974 626 1054 quaet
650 967 812 1034 excitavit
833 967 969 1033 fratrem
992 973 1211 1033 memoratum
1227 965 1384 1031 horribili

201 1085 269 1135 Am.
328 1075 396 1134 stre
420 1072 472 1136 itu
495 1076 529 1136 et
552 1071 700 1136 clamore.

177 1156 298 1203 ¹³³⁵'49·
374 1093 493 1239 Fiater
526 1179 638 1240 autem
675 1173 740 1250 ille,
783 1170 1002 1239 conturbatus
1038 1178 1073 1239 et
1110 1170 1383 1248 conterritus,-

158 1245 305 1352 appffiuy
330 1282 347 1311 “
369 1275 599 1342 Benedicitel'’
614 1276 734 1362 inquit,
750 1275 866 1356 “Quid
889 1281 948 1353 est,
967 1276 1093 1341 frater?
1126 1274 1216 1356 Quid
1231 1272 1382 1340 accidit?

157 1351 292 1470 ‘fflaeiffi
328 1376 518 1457 “Qualiter
551 1385 661 1444 tecum
695 1383 769 1444 estt
784 1379 800 1402 '’
847 1377 914 1459 Qui
936 1383 1087 1443 mortuus
1108 1378 1200 1442 trina
1222 1377 1296 1444 vioe
1328 1396 1379 1441 ro-

157 1434 293 1550 ,reaia
327 1481 533 1566 spondit,-“
549 1481 677 1568 Lingua
691 1485 784 1547 mea!
806 1481 921 1568 lingua
933 1478 1023 1546 meat
1047 1481 1162 1567 lingua
1176 1502 1250 1546 mea
1262 1483 1269 1543 t
1280 1478 1298 1504 ''
1315 1477 1379 1545 Oui

157 1551 297 1669 ffldtffi,
327 1583 430 1648 frater
459 1584 650 1662 vivens,-“
663 1583 811 1664 Frater,'’
849 1583 969 1669 inquit,
1005 1589 1022 1618 “
1045 1583 1189 1668 peccasti
1227 1582 1379 1667 frequen-

157 1683 293 1764 henetae
327 1690 344 1719 “
367 1686 435 1751 tius
466 1685 668 1751 detrahendo
680 1710 689 1766 ;
721 1686 852 1751 veniam
878 1685 1059 1772 depreceris
1088 1685 1132 1749 ab
1155 1683 1311 1750 omnibus
1341 1683 1378 1747 in

157 1750 313 1882 fflffl
325 1794 343 1824 “
366 1788 426 1853 hac
449 1788 545 1853 domo
567 1787 795 1875 vigilantibus,
819 1794 853 1853 et
868 1787 967 1853 orabo
990 1809 1049 1875 pro
1072 1786 1134 1853 te.'’
1181 1785 1278 1866 Quod
1303 1805 1375 1849 cum

158 1883 270 1963 Manna
325 1891 471 1969 dixisset,
504 1891 589 1956 visio
623 1889 770 1956 defuncti
811 1889 983 1977 disparuit.
1040 1888 1124 1956 Cum
1158 1910 1237 1976 ergo
1274 1886 1376 1953 frater

153 1964 278 2132 laginiam?
324 1993 422 2058 vivus
468 2014 565 2057 mane
610 1991 748 2058 referret
792 1991 954 2057 visionem
1004 1990 1171 2068 fratribus,
1216 1991 1376 2077 interpre-

221 2099 284 2164 ΡΨ
324 2096 484 2160 tabantur
507 2095 558 2160 sin
583 2095 629 2159 uli
675 2095 742 2159 uod
786 2117 822 2159 ro
872 2101 982 2160 eccato
1003 2094 1075 2158 Deo
1100 2093 1225 2172 odibili,
1251 2092 1373 2158 detrac-

156 2149 266 2202 forum,
323 2199 424 2277 tione,
456 2119 617 2274 videlidet,
653 2117 929 2283 inemppoeliam
967 2201 1132 2262 meruerat
1169 2195 1273 2260 frater
1311 2193 1371 2269 ille,

324 2306 364 2364 ut
389 2301 482 2385 juste
504 2301 686 2386 puniretur,
711 2299 856 2364 maxime
878 2300 914 2363 in
937 2299 1083 2364 membro
1114 2320 1178 2384 quo
1205 2297 1370 2384 peooavit;

156 2384 267 2452 Prayers
324 2401 535 2488 feceruntque
559 2401 723 2467 orationes
756 2403 920 2466 attentius
939 2423 998 2488 pro
1024 2400 1147 2481 eodem,
1173 2400 1371 2466 aestimantes

155 2454 306 2571 idithim
327 2504 415 2589 quod
440 2503 556 2568 divina
579 2504 684 2590 pietas
707 2504 752 2569 sic
777 2525 851 2568 eum
878 2525 1033 2590 apparere
1060 2503 1249 2581 decreverit,
1271 2509 1311 2567 ut
1339 2506 1370 2566 et

155 2586 279 2638 ‘lm'
325 2607 396 2692 ipse
420 2607 596 2692 juvaretur
618 2605 825 2672 uberioribus
846 2605 986 2673 fratrum
1010 2605 1184 2692 suffragiis,
1207 2611 1244 2670 et
1265 2623 1370 2691 super·

324 2709 420 2774 stites
450 2709 507 2794 qui
536 2708 724 2774 laborarent
746 2708 807 2772 tali
834 2708 927 2786 vitio,
951 2708 1058 2774 alieno
1086 2706 1231 2793 periculo
1257 2708 1368 2772 fierent

322 2813 493 2877 cautiores.

389 3010 438 3077 De
461 3008 609 3097 quodam
630 3016 764 3074 mortuo
786 3008 849 3095 qui
871 3009 1012 3076 cuidam
1035 3010 1076 3076 de
1100 3009 1311 3094 Tyuemuthu

656 3111 864 3177 mirabiliter
885 3112 1060 3199 opportuit.

154 3255 307 3320 aspiriain
370 3245 440 3310 Sub
463 3245 578 3310 eodem
601 3248 757 3330 tempore,
774 3245 863 3331 apud
888 3244 1013 3310 Cellam
1028 3249 1176 3309 nostram
1200 3243 1243 3309 de
1267 3243 1367 3329 Tyne-

153 3322 310 3449 {hffil'ssf
327 3349 443 3412 matha
465 3348 619 3433 apparuit
640 3369 691 3412 res
713 3347 873 3426 miranda,
895 3353 1042 3434 tempore
1066 3347 1198 3433 quidem
1221 3344 1367 3431 hyemali

153 3455 285 3519 mbae
329 3449 445 3513 Frater
467 3450 612 3535 quidam,
629 3450 705 3514 dum
723 3472 757 3514 se
773 3450 816 3515 ad
840 3450 974 3514 Missam
997 3472 1055 3536 pro
1078 3451 1205 3515 cunctis
1221 3447 1368 3514 fidelibus

154 3522 294 3599 boyapua
327 3551 489 3615 defunctis
528 3551 754 3616 celebrandam
792 3559 1015 3640 praeparasset,
1046 3557 1080 3618 et
1107 3552 1180 3638 jam
1211 3553 1366 3628 Officium,

155 3654 251 3717 chapel
262 3655 293 3703 0¹⁴
326 3653 514 3733 Colleetam,
531 3654 725 3739 Epistolam,
743 3661 777 3719 et
793 3654 1020 3741 Evangelium
1036 3676 1141 3740 usque
1156 3655 1199 3720 ad
1214 3656 1366 3722 lotionem

154 3721 282 3836 {ibidem
323 3767 400 3824 ante
415 3759 656 3837 Praesationem,
672 3766 936 3838 consummasset,
953 3763 989 3825 in
1013 3761 1148 3847 Capella
1163 3762 1367 3829 Mortuerum

153 3854 287 3971 2⁶32&
321 3862 454 3940 ibidem,
480 3861 656 3947 nullusque
678 3862 740 3927 sibi
764 3863 940 3942 assisteret,
964 3870 1084 3950 praeter
1106 3886 1210 3928 unum
1233 3885 1366 3951 puerum

152 3938 248 4038 mima.
323 3965 657 4040 duodennem—erat
676 3985 793 4050 nempe
807 3985 911 4042 mane,
927 3987 1002 4029 cunr
1022 3965 1129 4029 adhuc
1151 3973 1262 4032 essent
1281 3974 1368 4032 tene

321 4067 390 4133 brae
406 4088 503 4152 super
518 4070 638 4131 terram
650 4065 790 4144 ;-vidit
806 4089 887 4153 puer
901 4066 1077 4152 quemdam
1093 4068 1186 4152 quasi
1201 4067 1238 4132 in
1254 4068 1368 4133 habitu

321 4171 503 4235 intrantem
538 4168 697 4245 monachi,
732 4175 767 4233 et
791 4169 827 4233 in
858 4168 1001 4256 Capellae
1039 4172 1161 4257 angulo
1199 4176 1367 4258 tamquam

321 4272 365 4336 ad
396 4272 577 4337 orationem
613 4292 647 4334 se
686 4278 888 4349 curvantem,
926 4294 963 4337 ae
1000 4272 1139 4360 genibus
1178 4279 1212 4338 et
1249 4273 1368 4338 cubitis

321 4374 529 4452 innitentem,
559 4379 594 4440 et
616 4374 731 4439 faciem
763 4373 831 4438 solo
858 4379 956 4439 tenus
986 4374 1170 4441 habentem
1217 4374 1269 4440 De
1300 4375 1368 4461 ejus

321 4484 453 4562 aspectu
478 4499 560 4564 puer
599 4477 755 4541 nimirum
796 4499 894 4564 supra
927 4478 1060 4542 modum
1098 4478 1299 4565 pavefactus,
1337 4499 1368 4543 se

321 4578 408 4644 inter
437 4579 638 4646 sacerdotem
668 4585 703 4644 et
732 4579 836 4645 altare
864 4580 984 4666 posuit,
1023 4581 1213 4646 nullatenus
1245 4581 1369 4647 audens
