3038 5452
430 706 643 758 archierean
666 704 788 755 aarum
812 703 946 753 snum.
1153 689 1215 754 139

175 887 193 911 “
211 893 352 959 quatenus
370 906 417 944 me
436 888 562 960 astringi
580 906 632 960 par
663 887 727 960 ipsa
750 886 917 958 contigerit,
938 903 973 941 ex
991 885 1125 957 legitima
1142 899 1216 957 prae·
1263 898 1351 964 Hugh,

177 971 312 1028 “fixione
336 972 463 1028 hominis
488 972 551 1028 sive
569 972 637 1043 jure
662 968 710 1028 vel
734 971 792 1027 alio
815 971 902 1026 modo
925 970 1079 1043 legitimo;
1110 968 1217 1040 etjam
1276 965 1337 1015 aith

176 1055 264 1111 “iter
288 1055 465 1128 arripuerim
483 1056 520 1111 ad
541 1057 636 1128 ipsam
655 1054 761 1111 Sedem
778 1052 875 1121 eundi,
896 1055 1045 1110 occasione
1064 1053 1218 1126 cujusdam
1258 1031 1354 1148 Ἢῗ·

175 1139 354 1197 “citationis
373 1147 525 1213 protense,
543 1147 632 1212 prout
649 1157 684 1196 ex
703 1138 799 1196 relatu
824 1138 1015 1212 quorundam,
1036 1148 1067 1195 et
1083 1155 1142 1194 non
1160 1136 1218 1194 alio
1251 1135 1372 1215 laos-⁸26.

179 1225 193 1246 ‘⁸
210 1224 304 1291 modo,
323 1225 423 1290 didici,
441 1225 489 1281 die
502 1225 657 1281 Dominica
675 1242 733 1297 qua
750 1229 884 1281 cantatur
897 1223 1074 1280 Officium-¹
1085 1227 1093 1251 ⁴
1103 1223 1218 1279 Latere
1275 1259 1342 1270 -

178 1309 193 1331 '⁶
211 1306 415 1374 ‘Ierusalem’
434 1327 508 1366 anno
527 1310 646 1366 Domini
663 1309 1047 1395 millesimotrecentesirno
1069 1323 1144 1364 nono
1169 1307 1218 1362 de·

178 1392 193 1415 ‘⁶
209 1394 293 1460 cirne,
326 1395 488 1450 secundum
518 1395 763 1467 computationem
800 1393 942 1449 Ecclesiae
971 1393 1152 1466 Anglicanoe‚
1184 1395 1218 1447 ut

178 1477 192 1498 ‘⁴
210 1477 326 1542 dicitur,
353 1481 455 1535 saotaez
482 1497 516 1534 ac
540 1497 626 1543 nunc,
653 1479 829 1542 continuatis
851 1478 955 1534 diebus
975 1485 1005 1532 et
1022 1477 1119 1543 dietis,
1140 1474 1218 1548 apud

176 1561 191 1583 '¹
209 1560 376 1628 Domriam,
397 1563 434 1618 ad
457 1568 575 1635 portum
598 1564 688 1619 maris
714 1570 744 1618 et
766 1562 847 1618 villas
871 1562 1013 1634 ejusdam,
1040 1562 1092 1634 qui
1115 1567 1217 1633 portus

175 1643 190 1668 '¹
210 1647 374 1718 vulgariter
397 1647 577 1704 directorum
595 1667 613 1703 a
630 1647 810 1704 Monasterio
835 1647 936 1704 Sancti
959 1647 1067 1702 Albani
1093 1663 1145 1718 pro
1169 1646 1217 1701 iti·

171 1730 187 1752 '‘
207 1749 276 1787 nere
307 1748 411 1788 versus
442 1732 563 1787 Curiam
586 1732 757 1798 Romanam,
785 1729 823 1788 ad
846 1731 1097 1788 transfretandum
1126 1744 1216 1797 mara,

170 1816 188 1838 ⁸·
209 1822 374 1889 reputatur,
400 1818 583 1881 accesserim,
610 1835 663 1889 pro
687 1816 815 1873 transitu
836 1816 928 1872 maris
946 1815 1089 1881 habendo,
1110 1822 1140 1872 et
1165 1833 1219 1888 pro

166 1897 185 1920 “
208 1900 404 1958 continuando
428 1903 485 1956 iter
510 1919 608 1956 meum
631 1908 835 1972 praenotatum,
855 1901 898 1956 sic
923 1901 1106 1972 diligentiam
1131 1917 1220 1971 quam

164 1981 185 2006 ‘⁶
209 1986 291 2056 potui
331 1984 504 2051 adhibendo,
548 1992 578 2041 et
616 1984 825 2057 impedimenta
870 1984 1087 2057 quamplurima
1129 1984 1219 2040 infra·

160 2065 183 2089 ‘⁸
208 2071 320 2141 scripta
333 2065 496 2125 itinerando
517 2070 773 2141 supervenissent;
793 2067 943 2133 videlicet,
963 2068 1111 2135 mastatio,
1126 2069 1219 2124 incar·

159 2149 184 2174 “
209 2154 329 2219 ceratio,
355 2153 566 2225 prohibitiones
592 2171 628 2208 ex
653 2160 735 2225 parte
760 2152 870 2209 domini
894 2154 963 2218 mei,
989 2153 1080 2224 Regis
1101 2152 1219 2224 Anglia

157 2234 183 2258 “
208 2237 344 2303 illustris,
376 2256 429 2310 per
455 2237 778 2293 Sub-constabularium
803 2236 900 2293 Castri
930 2237 1074 2303 Doverise,
1104 2238 1219 2294 litteras

155 2317 182 2343 ‘⁴
206 2323 307 2395 regias
333 2322 387 2377 sub
411 2321 520 2393 Magno
547 2322 653 2393 Sigillo
679 2341 731 2378 suo
756 2322 924 2388 deferentis,
949 2324 1077 2379 notorias
1105 2329 1135 2378 et
1160 2323 1220 2378 evi·

156 2402 183 2428 ‘⁴
208 2407 322 2463 dentes.
361 2406 446 2462 Unde
467 2423 532 2477 ego,
558 2407 658 2461 Abbas
683 2406 851 2478 predictus,
872 2407 993 2479 cupiens
1012 2408 1143 2478 corporis
1161 2406 1220 2462 mei

155 2487 184 2513 ‘⁴
208 2497 297 2563 atque
336 2496 428 2546 status
455 2490 567 2562 grande
595 2492 706 2546 evitare
730 2491 902 2561 periculum,
931 2491 1038 2546 timens
1074 2492 1220 2548 verisimi-

155 2571 185 2598 “
208 2575 278 2631 liter
304 2575 363 2629 mei
389 2575 519 2647 corporis
552 2575 723 2639 cruciatum,
749 2591 860 2631 necnon
884 2581 915 2630 et
940 2577 1096 2647 praefatum
1119 2575 1220 2631 Mone-

154 2656 187 2684 “
209 2660 335 2716 sterium
354 2659 510 2714 Beroniam
535 2677 618 2715 suam
642 2660 777 2715 amittere
800 2677 895 2732 posse,
916 2659 940 2714 si
959 2660 1103 2715 mendatis
1127 2661 1220 2732 regiis

156 2741 188 2769 “
209 2745 241 2798 in
258 2744 314 2799 hac
332 2749 415 2814 parta
433 2761 491 2798 non
512 2760 665 2815 parerem3
691 2762 758 2799 oum
782 2745 813 2798 in
836 2744 909 2816 ipsis
933 2744 1042 2800 litteris
1066 2744 1167 2815 regiis,
1186 2762 1220 2800 ac

155 2825 188 2853 ⁸·
208 2845 262 2900 per
276 2827 534 2884 constabularium
551 2828 734 2900 predictum,
746 2829 820 2883 mihi
839 2829 994 2900 superbae
1012 2829 1220 2884 comminatum

154 2909 188 2938 ‘⁸
209 2913 359 2969 extiterit:
380 2918 526 2983 protestor
538 2930 591 2984 per
603 2931 650 2969 me
666 2931 724 2969 non
739 2919 816 2968 stare
830 2913 986 2983 quominus
1005 2914 1220 2969 continuassem

156 2995 189 3023 “
209 2997 285 3052 illud
308 2998 374 3061 iter,
396 2997 448 3052 sed
465 3015 518 3068 per
542 2997 731 3054 manifestum
753 2998 891 3053 timorem
914 2997 988 3052 mihi
1000 3014 1053 3071 per
1065 2998 1220 3070 predictas

155 3079 189 3108 ‘⁴
209 3082 427 3145 tractationem,
447 3080 717 3147 incarcerationem,
731 3087 763 3136 et
778 3081 989 3152 prohibitiones
1007 3082 1105 3152 regias
1124 3082 1220 3137 incus-

154 3163 187 3192 '⁴
209 3180 284 3231 sum,
303 3171 339 3220 ut
363 3165 561 3236 premittitur,
581 3166 633 3237 qui
654 3166 685 3221 in
703 3165 801 3220 virum
822 3170 1003 3221 constantem
1027 3162 1131 3221 cadere
1154 3182 1220 3238 poa·

156 3250 189 3276 ‘¹
210 3257 271 3315 sete
300 3248 438 3321 quodque
457 3248 493 3304 ob
512 3265 615 3306 causas
639 3249 807 3322 premissas
825 3267 872 3306 me
891 3249 949 3305 iter
971 3264 1070 3306 meum
1094 3248 1219 3307 ulterius

159 3333 189 3360 '⁶
209 3333 379 3390 continuare
391 3350 449 3388 non
461 3332 568 3389 audere
576 3355 585 3399 3
605 3334 657 3390 sed
676 3351 764 3407 quam
782 3335 840 3390 cito
857 3333 1077 3406 ²opportunitas
1090 3350 1221 3392 oecume-

160 3419 190 3445 “
210 3419 251 3474 rit
268 3420 300 3474 in
318 3418 491 3489 praemissis,
510 3426 540 3474 et
558 3419 628 3474 licet
646 3418 682 3473 de
700 3419 782 3474 uulla
796 3419 934 3475 citatione
953 3420 1026 3474 mihi
1045 3420 1221 3492 apparuerit,

160 3505 189 3529 ⁸⁶
209 3520 262 3559 seu
287 3503 461 3567 constiterit,
486 3502 607 3558 indubio
631 3510 737 3568 tamen,
762 3504 799 3559 ob
822 3504 1018 3559 reverentiam
1038 3503 1122 3560 Sedis
1144 3504 1222 3578 Apo-

163 3587 190 3614 “
211 3587 333 3650 stelias,
355 3586 393 3640 nd
412 3585 519 3641 Sedem
539 3587 660 3643 eandam
678 3606 726 3643 me
745 3588 883 3644 accedere
907 3587 994 3643 valle.
1035 3584 1130 3661 Super
1158 3589 1222 3661 qui-

163 3674 190 3698 “
210 3672 265 3727 bus
290 3671 426 3726 omnibus
445 3678 476 3726 et
498 3672 624 3744 singulis
649 3690 722 3743 rogo
746 3691 807 3737 ros,
826 3673 954 3729 notarios
979 3672 1122 3744 publicos,
1144 3674 1222 3746 quod

163 3759 189 3782 ⁸⁶
208 3756 281 3810 mihi
299 3756 412 3810 faciatis
428 3755 579 3826 publicum
595 3757 831 3814 instrumentum.
868 3758 1066 3815 Praesentibus
1088 3759 1222 3825 testibus,

165 3843 189 3866 ‘⁶
209 3846 233 3895 cl
252 3840 379 3895 caetero·.”

214 3936 266 4001 Ex
299 3935 468 4022 praemissa
498 3938 675 4017 occasione,
706 3938 732 4003 ei
766 3939 832 4004 dici
862 3941 911 4004 fas
938 3946 997 4020 est,
1028 3939 1220 4006 miraculose
1233 3973 1388 4024 maneus

168 4040 276 4104 evasit
309 4037 472 4104 Dominus
502 4040 625 4116 Abbas,
650 4062 691 4105 ne
714 4047 785 4105 tarn
807 4043 944 4106 arduam
967 4043 1057 4108 viam
1079 4043 1220 4130 arripere
1232 4041 1372 4158 32²5&

172 4146 351 4228 cogeretur,
390 4140 425 4205 in
458 4141 583 4228 grande
621 4143 673 4207 aui
708 4143 902 4209 Monasterii
940 4150 1041 4231 atque
1078 4145 1220 4231 corporis
1231 4173 1339 4224 homan

172 4245 417 4311 detrimentum.
1231 4240 1343 4320 meacm

1228 4322 1347 4374 Journey.

181 4434 214 4442 ιυ-
349 4438 432 4443 --...
490 4438 509 4443 μ
550 4436 797 4445 .,-.-----..

226 4549 282 4599 The
295 4547 389 4598 Introit
399 4548 428 4598 oi
444 4547 487 4599 the
498 4546 594 4599 Fourth
607 4547 672 4599 Sun·
758 4548 768 4580 ²
779 4550 930 4614 oportwiilac
940 4548 967 4599 in
978 4549 1035 4602 his.

174 4627 221 4692 day
232 4630 258 4678 in
275 4629 349 4679 Iaent
697 4556 704 4692 Ι
