3022 5460
415 730 625 782 uoussrmn
647 729 927 783 emorrannum.
1150 722 1190 785 41

150 923 228 1007 dies,
245 927 310 992 nisi
331 928 450 1015 aliquis
467 927 634 993 Beronum
656 929 748 1014 prius
770 928 811 994 ad
835 933 944 1015 partes
965 926 1038 992 illas
1055 927 1192 1001 venerit,
1216 930 1353 1002 sonam,

150 1050 208 1095 sex
238 1031 369 1109 milites,
398 1030 506 1118 gladio
536 1031 668 1110 cinctos,
698 1031 739 1096 de
769 1031 938 1098 Comitatu
968 1033 1134 1119 praedicto,
1159 1036 1194 1095 st
1238 1068 1334 1131 Absor

151 1132 333 1213 duodecim,
365 1139 433 1198 tam
464 1133 588 1199 milites
618 1155 716 1220 quam
747 1133 827 1199 alios
858 1133 978 1201 liberos
1009 1140 1044 1201 et
1073 1133 1193 1222 legales
1208 1133 1352 1253 mffiol

151 1234 308 1314 homines,
331 1235 372 1300 de
394 1235 525 1302 visneto
550 1237 591 1301 de
622 1236 670 1300 La
692 1235 845 1316 Barnete,
871 1259 929 1323 per
958 1260 1040 1323 quos
1065 1237 1114 1303 rei
1139 1257 1195 1301 ve·
1251 1293 1319 1309 ..
1354 1240 1363 1255 ’

150 1336 233 1401 ritas
262 1336 378 1403 melius
406 1338 481 1403 sciri
511 1340 641 1425 poterit,
670 1342 705 1404 et
735 1339 793 1423 qui
822 1338 914 1403 nulla
951 1339 1112 1406 affinitate
1142 1337 1196 1403 vel

151 1439 217 1503 alio
239 1439 335 1504 modo
357 1437 483 1504 dictum
505 1440 672 1521 Abbatem
694 1439 809 1506 Sancti
832 1441 955 1506 Albani
978 1443 1197 1530 contingant3

152 1541 196 1606 ad
233 1541 477 1607 certificandum
523 1542 678 1628 praefatos
715 1543 863 1607 Berones
900 1544 936 1608 in
973 1544 1078 1610 forma
1114 1569 1198 1632 prae-

152 1645 248 1709 dicta

200 1746 244 1810 Et
279 1747 357 1832 quia
391 1748 539 1812 nondum
575 1752 779 1833 compertum
816 1753 866 1814 est
907 1771 965 1836 per
1002 1751 1198 1817 scrutinium

154 1851 334 1914 rotulorum
364 1855 399 1915 et
429 1850 721 1929 memorandorum,
749 1872 807 1916 seu
829 1873 887 1938 per
917 1857 1088 1918 extentam
1118 1876 1200 1940 prae-

152 1952 283 2030 dictam,
314 1952 369 2017 vel
400 1947 543 2038 aliquam
575 1953 822 2038 inquisitionem
853 1955 929 2020 inde
958 1955 1089 2034 factam
1111 1957 1198 2043 quod

152 2054 314 2119 Dominus
345 2055 418 2119 Rex
449 2076 547 2135 nunc,
582 2076 639 2119 seu
676 2055 747 2140 ejus
784 2057 1017 2143 progenitores,
1052 2080 1199 2144 unquam

153 2156 256 2222 seisiti
289 2155 426 2221 filerunt
460 2157 500 2221 de
534 2155 723 2242 hujusmodi
754 2164 940 2224 transverso
972 2161 1130 2246 capiendo
1163 2163 1199 2226 in

153 2257 310 2344 praedicta
332 2257 414 2322 villa
438 2257 552 2324 Sancti
566 2259 699 2339 Albani,
721 2282 781 2325 nec
803 2260 883 2326 alibi
905 2260 992 2326 infra
1013 2261 1199 2329 libertatem

153 2360 300 2440 eandem,
328 2358 395 2424 nisi
425 2380 483 2446 per
513 2361 694 2426 custodiam
725 2361 887 2427 dictorum
918 2365 1015 2429 castri
1043 2369 1077 2430 et
1102 2365 1199 2444 villae,

152 2467 187 2530 et
209 2468 286 2550 post
308 2466 447 2527 mortem
472 2462 551 2528 dicti
569 2463 727 2529 Willelmi
754 2465 794 2528 de
818 2463 974 2530 Valentia
999 2471 1141 2545 tantum,
1161 2473 1201 2532 ut

153 2565 347 2653 praedictum
377 2570 446 2645 est;
476 2587 536 2630 nec
565 2588 624 2651 per
654 2566 843 2651 hujusmodi
866 2569 1121 2652 usurpationem,
1143 2591 1200 2634 seu

62 2715 68 2727 ·
152 2670 347 2758 captionem,
377 2669 424 2734 sic
454 2669 494 2733 de
524 2691 611 2734 novo
640 2669 771 2748 factam,
795 2671 900 2756 possit
937 2671 1081 2738 Domino
1115 2672 1200 2758 Regi

149 2772 207 2859 jus
232 2792 412 2838 accrescere
438 2771 587 2856 capiendi
612 2771 799 2857 hujusmodi
824 2777 1048 2838 transversum
1073 2775 1111 2839 in
1140 2775 1201 2840 hac

152 2879 256 2961 parte,
279 2879 394 2939 contra
420 2871 559 2937 formam
583 2872 814 2958 praedictarum
838 2873 1045 2957 chartarum;
1071 2899 1201 2942 concor-

150 2976 265 3043 datum
296 2981 347 3041 est
376 2997 434 3061 per
465 2975 596 3040 eosdem
628 2975 773 3040 Barones
803 2982 837 3040 et
866 2976 1083 3056 Justiciarios,
1113 2979 1200 3066 quod

150 3079 224 3145 Rex
245 3101 266 3144 a
288 3078 440 3165 captione
462 3075 652 3161 hujusmodi
682 3077 861 3142 transversi
883 3079 919 3142 in
942 3080 1099 3165 praedicta
1121 3081 1202 3146 villa

79 3210 83 3215 ·
152 3181 266 3248 Sancti
293 3179 427 3256 Albani,
453 3184 487 3244 et
513 3178 595 3243 alibi
619 3179 705 3243 infra
731 3180 869 3245 eandem
894 3180 1091 3260 libertatem,
1117 3204 1201 3270 prae·

98 3349 100 3352 ⁴
153 3291 304 3371 terquam
333 3281 421 3369 apud
444 3280 493 3346 La
515 3281 665 3359 Barnete,
690 3287 843 3347 amoveat
872 3303 1007 3347 manum
1037 3305 1130 3350 suam
1160 3287 1200 3352 de

152 3394 279 3467 caetero,
295 3405 463 3472 quousque
485 3405 543 3470 per
564 3383 821 3468 inquisitionem,
836 3384 891 3448 vel
912 3385 977 3450 alio
995 3386 1101 3464 modo,
1118 3385 1201 3474 Regi

151 3490 280 3577 plenius
304 3485 492 3553 constiterit
513 3485 555 3550 de
572 3485 648 3570 jure
671 3507 729 3549 suo
751 3486 786 3549 in
810 3485 871 3550 hac
893 3492 997 3574 parte.
1044 3488 1089 3555 Et
1110 3511 1202 3554 man·

152 3594 267 3659 datum
298 3595 349 3656 est
378 3587 599 3655 sextodecimo
623 3588 676 3653 die
702 3586 795 3665 Julii,
826 3610 914 3654 anno
944 3591 1099 3656 vicesimo
1129 3614 1202 3680 sep-
1288 3619 1291 3627 ·

151 3697 243 3772 timo,
270 3693 322 3760 W.
353 3691 507 3776 Milksop,
537 3711 625 3755 nunc
656 3688 795 3756 Custodi
834 3691 995 3758 dictorum
1030 3695 1130 3758 castri
1167 3701 1202 3760 et

151 3797 241 3863 villae
286 3796 326 3861 de
361 3792 549 3871 Hertforde,
595 3791 741 3878 captioni
780 3792 969 3877 hujusmodi
1009 3797 1200 3873 tranvscrsi,

151 3898 283 3965 nomine
317 3895 425 3981 Regis,
451 3893 606 3959 faciendas
637 3894 669 3957 in
702 3894 793 3959 dicta
823 3895 902 3959 villa
927 3895 1042 3962 Sancti
1069 3897 1201 3977 Albani,

148 4007 185 4068 et
206 3998 287 4065 alibi
309 3996 395 4062 infre
417 3996 554 4061 eandem
583 3995 778 4074 libertatem,
801 4002 1018 4083 praeterquam
1042 3999 1130 4085 apud
1154 4001 1202 4065 La

151 4106 303 4180 Barneto,
331 4098 563 4185 supersedere3
596 4098 697 4163 donec
724 4097 880 4164 discussio
906 4100 983 4164 inde
1007 4100 1136 4187 plenius
1162 4103 1198 4166 in

111 4240 115 4246 ·
151 4206 250 4273 Curia
283 4201 384 4288 Regis
418 4200 506 4265 facta
526 4199 633 4278 fuerit,
664 4199 717 4265 vel
748 4200 850 4266 donec
883 4201 974 4267 aliud
1007 4225 1104 4289 super
1135 4202 1197 4270 hoa

150 4306 303 4373 habuerit
325 4304 362 4368 in
384 4300 559 4367 mandatis.

197 4409 324 4487 Postea,
347 4405 399 4472 die
423 4404 528 4469 Lunae
549 4404 701 4490 proxima
730 4408 809 4470 aute
835 4404 971 4471 Festum
995 4406 1196 4473 Natiuitatis

152 4515 263 4578 Beatae
298 4509 421 4587 Mariae,
444 4528 532 4571 anno
565 4506 658 4592 regni
692 4506 791 4592 Regis
823 4529 911 4572 nunc
940 4507 1094 4573 vicesimo
1125 4531 1196 4595 sep-

152 4616 243 4692 timo,
267 4612 384 4677 Petrus
415 4610 455 4674 de
488 4609 649 4675 Leioestre
671 4609 766 4672 venit
796 4609 884 4695 apud
908 4610 955 4674 La
978 4610 1129 4691 Ramnete,
1152 4618 1196 4688 et,
