3038 5452
330 681 395 742 330
713 692 818 742 anam
840 693 1004 745 Annorum

181 901 303 965 Minaei
332 889 378 953 De
397 888 528 975 parcito
551 891 642 956 toto·
658 888 859 968 Michaeam,
875 890 1035 958 aaaron
1050 890 1170 958 Sanni
1183 890 1324 969 Albani,
1342 897 1367 957 at

205 969 267 1019 ”th
415 992 572 1060 Priorem
594 993 634 1059 da
656 992 877 1073 Ba'achemuda
893 1016 996 1081 anper
1017 994 1172 1062 monterio
1195 995 1237 1061 de
1261 993 1369 1061 Golde-

415 1101 486 1174 coia,
511 1119 574 1182 por
597 1096 787 1182 Hemonam,
813 1095 1084 1181 predecessorem
1113 1097 1271 1187 aarum,
1297 1120 1369 1187 per·

416 1196 552 1283 quisito.

160 1318 301 1370 Recoraof
371 1313 505 1376 “Prior
535 1313 576 1377 de
604 1312 822 1391 Bisshemade‚
850 1336 908 1400 per
937 1311 1125 1379 Johannem
1156 1314 1199 1381 de
1230 1315 1371 1404 Roggea·

158 1385 270 1502 {iffi
327 1423 343 1448 “
366 1415 439 1493 don,
464 1420 672 1480 attornatum
705 1437 810 1494 suum,
834 1416 920 1504 petit
950 1438 1065 1482 versus
1095 1415 1206 1481 Adam
1237 1411 1368 1495 ¹F1aun',

159 1518 285 1594 ihssffiffl
327 1524 344 1550 “
367 1517 407 1582 de
430 1517 642 1594 Nawenham,
666 1519 848 1584 manerium
871 1517 911 1583 de
936 1517 1109 1585 Caldeeote
1127 1519 1231 1607 juxta
1253 1518 1369 1585 Ambe·

155 1583 292 1702 fflfflej
327 1627 342 1654 “
365 1619 466 1696 welle,
490 1641 563 1684 cum
597 1620 816 1705 pertinentia,
839 1626 879 1686 ut
895 1620 952 1705 jus
983 1621 1125 1687 eeclesiae
1159 1643 1230 1687 euae
1263 1621 1370 1688 Beata

156 1717 245 1843 ἓξὲξ
326 1728 342 1755 “
368 1720 482 1787 Mariua
505 1722 545 1786 de
568 1721 800 1803 Bieshemade3
833 1722 924 1788 etin
947 1723 1034 1808 quod
1057 1723 1146 1787 idem
1169 1723 1286 1789 Abbas
1309 1745 1370 1789 non

158 1855 244 1900 tenant
252 1851 283 1900 of
324 1831 342 1858 “
365 1823 467 1887 habet
489 1824 680 1911 ingressum,
703 1824 768 1888 nisi
791 1829 865 1911 post
891 1824 1096 1889 dissaisinam
1120 1847 1222 1910 quam
1245 1824 1369 1890 Wiliel-

155 1917 301 2034 glgsscffiss‘fff
325 1932 343 1961 “
367 1948 439 1990 mus
478 1927 518 1990 de
553 1927 678 1990 Hurste
712 1927 790 1990 inde
823 1926 944 2012 injusta
982 1932 1016 1991 et
1048 1927 1119 1992 aina
1141 1927 1269 2013 judicio
1297 1927 1370 1993 feeit

58 2060 60 2064 ⁴
156 2057 218 2100 cote.
323 2036 342 2064 “
369 2028 510 2094 Ricardo
534 2029 651 2106 Folioa
674 2029 840 2113 quondam
864 2029 969 2093 Priori
992 2028 1033 2094 do
1056 2029 1270 2114 Bysahemad,
1294 2052 1370 2117 praa·

324 2139 342 2167 “
365 2131 524 2197 decessori
547 2131 696 2216 praedicti
719 2130 848 2207 Priona,
871 2137 946 2217 post
968 2153 1080 2217 pacem
1102 2137 1133 2197 et
1155 2138 1282 2198 ooetero.
1328 2132 1370 2196 Et

325 2240 343 2269 “
367 2234 455 2298 unde
486 2233 568 2298 dicit
596 2233 682 2317 quod
707 2233 883 2318 pnadiotus
914 2233 1075 2298 Ricardns
1106 2233 1237 2319 Folyot,
1269 2256 1368 2320 quon·

324 2346 341 2370 “
366 2337 441 2400 dam
480 2335 574 2400 Prior
607 2342 636 2400 et
666 2342 790 2412 caetero,
822 2336 1038 2422 praedecessor
1076 2341 1106 2401 et
1146 2343 1272 2413 cratero,
1308 2337 1369 2400 fuit

324 2439 496 2504 “saisitus
527 2438 564 2502 in
586 2438 749 2503 dominico
775 2459 842 2515 eno,
866 2442 905 2502 ut
928 2438 969 2502 de
990 2437 1093 2513 feodo,
1120 2438 1197 2522 juro
1228 2439 1368 2505 ecclesia

325 2549 342 2576 “
366 2564 433 2608 auae
448 2539 624 2627 praedictae,
640 2545 785 2626 ternpore
807 2541 905 2625 pacis,
928 2545 1073 2627 tempora
1090 2539 1248 2607 Edwardi
1265 2540 1368 2629 Regia

324 2651 341 2678 “
363 2644 419 2707 avi
441 2642 576 2707 Domini
598 2642 698 2728 Regis
723 2663 820 2716 nuno,
847 2642 1005 2728 capiendo
1035 2642 1113 2706 indo
1140 2643 1300 2728 expletas,
1329 2641 1369 2706 ad

319 2753 337 2781 “
366 2744 547 2810 valentiam
563 2750 592 2810 et
615 2750 750 2825 etatem
782 2749 817 2808 et
839 2744 874 2806 in
902 2744 989 2829 quod
1012 2749 1041 2808 et
1056 2749 1179 2810 caetero.
1226 2743 1273 2809 Et
1295 2745 1369 2809 inde

326 2857 342 2883 “
367 2847 519 2934 producit
542 2850 673 2925 sectam,
696 2853 725 2910 et
748 2853 869 2911 cratera.

155 2961 241 3012 Adam
369 2951 454 3016 “Et
485 2948 603 3030 Adam,
636 2970 693 3034 per
727 2951 932 3012 attornatum
963 2968 1070 3026 suum,
1094 2947 1198 3025 venit,
1222 2952 1258 3012 et
1291 2948 1368 3012 alias

155 3030 296 3145 Jfi'euffit
324 3061 341 3088 “
365 3054 452 3118 dixit
475 3053 562 3139 quod
584 3053 654 3138 ipse
681 3057 773 3116 tenet
799 3050 981 3114 manerium
1009 3048 1204 3135 praedictum
1234 3050 1280 3115 ad
1305 3055 1368 3116 ter-

154 3162 248 3247 ofst.⁸
323 3164 339 3191 “
363 3158 488 3220 minum
523 3155 603 3219 vitaa
639 3176 715 3229 suae,
738 3175 780 3217 ex
812 3152 999 3216 dimissione
1030 3150 1203 3234 eujusdam
1227 3152 1369 3229 Ricardi,

154 3227 299 3358 effi&
326 3266 341 3293 ‘⁶
363 3259 528 3343 quondam
561 3255 700 3320 Abbatis
732 3253 772 3317 de
804 3254 925 3318 Sancto
956 3253 1094 3329 Albano,
1125 3253 1368 3339 praedecessoris

155 3360 211 3407 who
322 3367 338 3394 “
363 3360 504 3425 Abbatis
527 3360 567 3425 de
590 3359 710 3424 Sancto
734 3355 866 3420 Albano
889 3377 986 3420 nuno.
1059 3354 1104 3419 Et
1127 3355 1294 3421 informa
1314 3357 1369 3423 illa

154 3426 279 3541 diffie
322 3469 339 3497 “
363 3463 496 3526 vocavit
519 3461 598 3526 inda
628 3460 670 3525 ad
693 3463 881 3523 warantum
904 3457 1106 3535 Michaelem‚
1132 3479 1220 3522 nuno
1252 3458 1364 3525 Abba·

154 3559 315 3614 deveniam,
324 3569 341 3597 “
363 3570 432 3628 tem
448 3564 489 3628 da
504 3563 624 3628 Sancto
640 3561 770 3626 Albano
784 3587 791 3638 ;
816 3561 873 3645 qui
889 3560 986 3625 modo
1002 3561 1095 3624 venit
1117 3581 1175 3644 per
1190 3563 1367 3626 summoni-

320 3673 337 3699 “
361 3665 495 3740 tionem,
518 3687 575 3750 per
606 3664 769 3749 Rogerum
800 3663 942 3738 Ranner,
958 3665 1166 3725 attornatum
1183 3683 1304 3743 suum;
1334 3670 1368 3728 et

321 3776 338 3801 “
362 3767 396 3831 in
419 3766 524 3831 forma
546 3766 604 3830 illa
626 3767 656 3830 ei
671 3772 858 3830 warantum
882 3770 911 3828 at
934 3769 1058 3828 contero.
1104 3763 1149 3827 Et
1171 3769 1271 3830 vocat
1294 3766 1369 3830 inde

319 3880 336 3903 “
360 3869 500 3934 ulterius
523 3869 566 3932 ad
589 3873 775 3931 warantum
790 3868 898 3930 Adam
922 3864 962 3929 de
986 3865 1202 3944 Neweuham,
1221 3866 1369 3953 Capella·

320 3982 336 4008 “
360 3996 441 4036 num
465 3993 568 4045 suum,
591 3970 627 4032 in
650 3969 762 4033 eodem
787 3968 964 4045 Comitatu,
989 3973 1163 4032 etantanto.

154 4079 287 4143 abjectior
363 4086 381 4110 ⁴‘
407 4076 452 4139 Et
487 4074 579 4138 Prior
612 4072 693 4136 dicit
724 4072 812 4157 quod
835 4072 904 4157 ipse
926 4070 1045 4147 Adam,
1069 4092 1166 4155 quem
1182 4078 1221 4138 ,et
1245 4080 1371 4150 cadara,

152 4147 239 4261 iffi
321 4192 336 4215 “
362 4184 412 4246 est
429 4178 542 4244 eadem
565 4197 703 4262 persona
718 4175 770 4238 cui
793 4175 862 4259 ipse
885 4173 997 4236 Abbas
1021 4172 1111 4257 prius
1134 4182 1323 4240 warantum
1340 4183 1371 4241 et

153 4278 258 4330 thereto.
321 4290 337 4318 ‘¹
362 4289 500 4360 coetera·
524 4279 611 4342 undo
627 4279 697 4363 ipsa
712 4298 778 4340 non
802 4275 950 4340 intendit
966 4275 1054 4360 quod
1077 4274 1238 4340 advocare
1261 4278 1370 4363 ipsum

321 4395 336 4421 “
360 4385 438 4449 inde
479 4385 520 4447 ad
555 4384 741 4445 warantum
777 4378 911 4442 admitti
947 4377 1073 4456 debeat,
1114 4378 1179 4443 nisi
1215 4383 1373 4448 ostendat

320 4496 340 4523 “
363 4508 497 4551 catusam
520 4505 620 4570 quare
644 4490 673 4547 at
696 4488 818 4546 amiota.

581 4650 586 4680 ¹
599 4656 635 4699 (ir
648 4654 661 4677 ‘⁶
671 4647 778 4707 Flunn,''
798 4645 816 4693 it
830 4645 850 4693 is
863 4647 989 4695 uncertain
1002 4645 1093 4694 which.
