3038 5452
539 694 715 749 urrunnun
740 677 804 764 (s.)
1132 679 1199 743 489

154 880 173 904 ‘⁴
192 876 395 948 inpraesentia
415 879 507 949 ipsius
527 879 624 934 locum
636 879 772 943 tenentis,
793 879 883 934 frater·
901 879 1034 949 leprosus
1054 882 1195 943 testatum

153 965 172 987 ‘⁶
193 961 240 1014 vel
253 961 349 1026 olias,
370 969 457 1034 prout
483 963 642 1025 vacaverit,
671 980 754 1017 susm
782 963 927 1032 exprimat
953 961 1142 1025 voluntatem,
1168 966 1199 1015 et

154 1048 173 1071 ‘⁶
194 1049 307 1115 partem
332 1046 488 1102 inventarii
514 1063 603 1117 penes
629 1046 726 1117 ipsum
752 1051 950 1101 remanentem
974 1043 1129 1116 Magistro,
1149 1044 1198 1098 vel

155 1131 174 1153 ‘⁶
195 1129 287 1199 ipsius
305 1128 402 1184 locum
419 1129 540 1194 tenenti,
561 1129 649 1184 sociat
665 1128 794 1184 liberari.
832 1129 995 1184 Praeffiotus
1006 1145 1077 1182 vero
1088 1127 1199 1202 Magis-

156 1216 175 1236 “
196 1219 249 1275 ter,
266 1211 315 1266 vel
333 1212 426 1285 ipsius
437 1213 535 1268 locum
553 1219 663 1276 terrem,
682 1219 899 1276 testamentum,
920 1228 972 1267 scu
989 1211 1124 1266 ultimam
1149 1228 1200 1265 vo-

154 1297 174 1320 “
194 1294 336 1351 luntatem
353 1296 530 1368 hujusmodi,
545 1296 698 1360 conscribi,
712 1302 743 1351 et
760 1303 872 1368 partem
891 1295 1048 1350 inventarii
1065 1292 1198 1365 praedicti

155 1380 174 1403 ‘⁶
194 1378 225 1431 in
243 1377 409 1450 hujusmodi
428 1380 574 1452 scriptura
590 1380 709 1444 includi,
730 1380 827 1445 faciat,
848 1387 878 1436 et
895 1378 995 1452 sigillo
1014 1396 1066 1433 suo
1084 1378 1199 1449 consig-

156 1466 175 1488 “
195 1469 262 1528 net;
288 1464 498 1535 praefatamque
525 1464 710 1534 scripturam,
729 1471 795 1535 post
820 1469 944 1518 mortem
966 1463 1076 1526 fratris,
1095 1461 1201 1517 Archi-

156 1549 175 1571 “
195 1545 324 1611 diacono,
342 1547 389 1602 vel
408 1548 502 1619 ipsius
522 1548 620 1602 locum
638 1548 759 1610 tenenti,
780 1548 869 1602 faciat
894 1547 1005 1619 absque
1032 1563 1122 1601 morae
1140 1545 1199 1600 dis·

156 1630 176 1654 ‘⁴
196 1628 300 1700 pendio
318 1632 505 1702 praesentem
528 1638 561 1686 ut
578 1631 641 1702 ejus
661 1632 834 1687 auctoritate
858 1631 1027 1701 hujusmodi
1044 1635 1201 1686 testamen·

157 1716 176 1738 ‘⁸
195 1728 267 1776 tum,
281 1714 328 1768 vel
340 1716 484 1779 voluntas,
498 1715 529 1769 in
547 1715 668 1786 prael'ata
679 1721 761 1785 parte
774 1714 861 1769 tertia
873 1715 1022 1778 duntaxat,
1037 1713 1199 1769 executioni

157 1800 176 1823 “
196 1797 395 1855 demandetur.
432 1799 664 1855 Archidiaconus
682 1816 762 1862 vero,
782 1816 834 1853 seu
860 1799 954 1868 ipsius
972 1798 1069 1852 locum
1086 1803 1197 1860 tenens,

154 1884 174 1908 ·‘
195 1886 228 1935 ut
245 1882 412 1954 hujusmodi
430 1889 649 1945 testamentum,
668 1899 720 1937 seu
744 1882 889 1947 voluntas,
910 1882 950 1936 sit
973 1881 1109 1936 celeriter
1135 1898 1200 1935 exe-

157 1969 176 1990 “
196 1973 306 2031 cutum,
326 1967 435 2040 ubsque
462 1985 634 2039 quecunque
661 1966 830 2021 difficultate
856 1965 975 2021 festinet
1001 1967 1096 2021 lacere
1122 1965 1200 2036 quod

157 2051 177 2074 ⁴⁶
196 2049 346 2107 incumbit.
385 2052 418 2107 Si
435 2069 506 2107 vero
524 2053 615 2106 frater
632 2049 855 2114 reconvaluerit,
868 2047 1036 2120 hujusmodi
1055 2048 1201 2119 scriptura

159 2134 178 2157 ‘⁴
197 2135 370 2190 restituetur
388 2134 493 2189 eidem.
532 2134 565 2190 si
592 2139 690 2189 autem
717 2135 807 2188 frater
833 2133 967 2204 leprosus
985 2132 1064 2187 ultra
1082 2132 1200 2186 tertiam

158 2218 177 2241 “
198 2225 310 2288 partem
326 2219 469 2274 bonorum
487 2236 607 2274 sucrum
625 2217 832 2289 praedictorum
851 2218 1008 2289 quiequam
1026 2215 1114 2271 alicui
1132 2215 1202 2269 reli-

159 2303 177 2325 “
198 2301 303 2371 querit,
317 2303 365 2357 vel
383 2301 545 2366 donaverit,
559 2302 694 2357 volumus
714 2301 791 2372 quod
809 2301 868 2356 talo
879 2300 1026 2364 relictum,
1043 2318 1095 2356 seu
1114 2299 1201 2354 dona·

158 2389 177 2409 ‘⁶
197 2384 248 2448 tio,
269 2386 347 2440 omni
367 2392 466 2441 carcat
483 2387 639 2451 firmitato;
666 2386 857 2457 dispositione
875 2386 962 2441 diotae
981 2385 1077 2440 tertius
1096 2385 1198 2455 partis,

158 2472 177 2492 ⁴·
197 2474 231 2522 ut
248 2469 411 2539 praelertur,
433 2471 518 2533 facto,
538 2470 569 2525 in
587 2486 641 2524 suo
665 2469 769 2525 robore
795 2470 984 2526 nihilomiuus
1002 2473 1198 2541 permanente.

159 2550 340 2607 “Volumus
360 2553 457 2617 etiam,
478 2552 557 2624 quod
574 2554 665 2608 frater
682 2554 816 2625 leprosus
840 2559 959 2618 testans,
979 2553 1027 2609 vel
1046 2570 1129 2608 suam
1152 2571 1201 2607 ex·

159 2641 177 2660 ⁶·
197 2636 325 2705 primane
337 2638 529 2702 voluntatem,
542 2637 698 2709 Magistm,
713 2656 766 2693 seu
777 2639 871 2711 ipsius
883 2640 980 2695 locum
992 2637 1111 2701 tenenti,
1125 2636 1200 2691 bona

159 2724 178 2745 ‘⁶
198 2721 294 2776 omnia
309 2722 377 2787 alia,
398 2723 436 2790 (si
455 2741 520 2794 quae
533 2723 632 2777 forsan
650 2740 686 2777 ex
704 2723 788 2778 bonis
806 2723 878 2779 dicti
896 2722 1060 2794 hospitalis,
1079 2720 1127 2779 vel
1150 2721 1202 2778 ali-

159 2809 177 2829 “
198 2804 283 2869 uude,
304 2811 370 2860 ants
388 2806 566 2876 ingressum,
580 2804 628 2860 vel
647 2811 722 2877 post,
743 2807 934 2876 quovismodo
952 2805 1089 2861 habuerit
1100 2805 1202 2877 adqui·

159 2893 178 2914 ‘⁸
199 2888 277 2956 sita)
289 2890 398 2945 referat
416 2895 446 2944 et
463 2889 607 2960 designet,
620 2896 654 2945 ut
666 2890 731 2960 ipsa
747 2890 823 2945 bona
840 2892 871 2945 in
888 2908 960 2946 usus
978 2889 1066 2944 utiles
1078 2890 1202 2944 fratrum

159 2979 178 2998 ‘'
199 2973 389 3043 leprosorum
407 2979 441 3028 ut
457 2973 658 3044 praemittitur,
677 2980 892 3030 convertantur.

270 3193 317 3257 De
339 3191 642 3258 distributionibus
663 3191 833 3256 Fratrum
856 3192 1090 3276 ieprosoicm.

195 3344 214 3369 ‘⁶
233 3342 348 3397 Habeat
367 3342 490 3414 quilibet
508 3342 599 3395 frater
617 3341 750 3412 leprosus
777 3340 812 3394 de
839 3340 921 3395 bonis
947 3339 1019 3395 dicti
1036 3341 1199 3411 hospitalis,

159 3429 179 3453 ‘⁴
199 3443 252 3497 pro
269 3426 349 3481 victu
368 3444 420 3481 suo
439 3431 469 3482 et
486 3425 600 3480 cunctis
617 3424 800 3487 necessariis,
821 3429 908 3493 prout
932 3423 968 3477 de
994 3425 1202 3480 consuetudine

161 3513 180 3541 ’⁶
199 3510 230 3566 in
247 3509 326 3566 dicto
351 3509 491 3581 hospitali
518 3509 680 3580 antiquitus
699 3509 853 3564 observata
870 3508 1023 3562 consuevit
1040 3508 1202 3574 habere;-

161 3598 180 3621 ‘⁴
199 3594 346 3658 videlicet,
367 3594 497 3666 qualibet
513 3592 695 3648 hebdomada
713 3597 825 3664 septem
849 3609 948 3662 panes,
969 3611 1094 3664 quorum
1119 3595 1203 3666 qnin-

162 3682 181 3706 “
201 3696 257 3750 que
276 3685 362 3734 erunt
379 3679 447 3744 albi,
467 3687 498 3733 et
516 3678 567 3732 olii
582 3677 641 3732 dno
658 3677 744 3731 bruni
765 3676 880 3739 coloris,
901 3676 971 3731 facti
990 3675 1026 3731 de
1045 3678 1201 3743 frumento,

162 3767 181 3790 “
200 3772 288 3833 prout
299 3762 389 3817 luerit
401 3762 436 3816 de
455 3763 546 3834 garba
565 3779 727 3817 excussum.
763 3761 850 3824 Item,
864 3761 995 3830 qualibet
1013 3760 1201 3832 ¹septimana‚

161 3851 180 3873 ‘⁴
201 3845 420 3915 quatuordecim
432 3846 550 3916 lagenos
570 3845 711 3909 cervisiis,
724 3844 772 3899 vel
790 3853 856 3898 coto
874 3843 1007 3899 denarios
1025 3863 1078 3916 pro
1090 3844 1201 3900 eadem.

163 3933 182 3958 ‘⁴
202 3929 317 3984 Habeat
335 3929 425 3983 etiam
450 3935 558 4001 praeter
584 3929 656 3992 haec,
684 3929 714 3982 in
738 3927 836 3983 Festis
852 3927 999 4003 ¹Omnium
1019 3928 1201 3993 Sanctorum,

163 4016 181 4040 “
203 4013 301 4067 Sancti
320 4012 442 4074 Juliani,
463 4011 679 4066 Purificationis
704 4011 804 4066 Beatae
830 4011 943 4073 Maria,
962 4011 1202 4066 Annunciationis

163 4100 181 4123 “
201 4096 369 4159 Dominicis,
389 4096 551 4158 Trinitatis,
573 4094 672 4148 Sancti
700 4094 816 4158 Albani,
838 4095 936 4148 Sancti
963 4094 1104 4148 Johannis
1128 4095 1203 4166 Bup-

162 4184 180 4206 “
200 4180 287 4243 tistae,
306 4180 524 4251 Assumptionis
549 4178 647 4232 Bestae
665 4177 777 4241 luerim,
805 4186 835 4232 ot
860 4177 890 4232 N
892 4177 1032 4232 stivitotis
1060 4177 1201 4249 ejusdem,

162 4267 180 4291 ‘⁶
199 4282 253 4335 pro
271 4263 403 4336 quolibet
422 4262 445 4332 [²
453 4260 541 4333 sesto]
561 4280 652 4316 unum
670 4279 784 4332 panem,
798 4251 886 4316 unam
905 4261 1040 4316 obbstam
1058 4263 1201 4328 cervisiis,

196 4508 201 4539 ¹
215 4511 318 4573 septima
330 4509 356 4557 in
370 4507 424 4556 MS.
438 4505 557 4556 Claudius
567 4506 597 4554 E.
607 4505 640 4552 iv.
706 4502 817 4568 supplied
830 4503 894 4554 stom
907 4503 962 4553 MS.
975 4503 1045 4554 Nero
1054 4506 1084 4554 D.
1097 4505 1112 4556 i.

195 4587 205 4619 ²
216 4588 325 4639 Omitted
338 4587 364 4635 iu
377 4586 432 4636 MS.
446 4584 564 4637 Claudius
576 4586 603 4634 Ε.
617 4584 658 4642 iu,
