3038 5452
421 731 632 780 uouisrnnu
654 729 775 779 sanari
798 725 932 777 senem.
1133 710 1200 775 348

154 929 170 953 “
198 917 286 1005 quod
309 917 442 1003 quidam
464 913 647 979 Willelmus
671 913 711 977 da
733 911 895 988 Totthale,
918 910 1085 996 quondam
1108 909 1200 975 Prior
1235 917 1350 978 messal,

157 1031 174 1055 “
201 1019 385 1106 Hospitalis
407 1017 564 1104 praedicti,
588 1036 749 1082 successor
770 1013 919 1101 praedicti
943 1013 1033 1078 Petri
1055 1012 1096 1077 de
1112 1011 1201 1077 Hac-
1238 983 1333 1109 ἐξ,

156 1132 173 1157 “
199 1122 302 1201 cham,
317 1121 532 1209 praedecessor
553 1119 649 1185 istius
672 1139 759 1183 nunc
781 1116 911 1195 Prioris,
929 1122 963 1182 at
983 1116 1100 1180 fratres
1116 1114 1199 1200 ejus·
1256 1117 1325 1168 AD·

154 1233 170 1259 “
195 1225 270 1290 dem
293 1223 487 1310 Hospitalis,
510 1243 643 1287 assensu
666 1219 830 1287 communi
853 1224 887 1284 et
917 1218 1089 1284 voluntate
1119 1239 1199 1283 una
1230 1189 1352 1290 ΒΨ*

155 1337 171 1362 “
194 1327 278 1398 nimi
300 1328 441 1392 fratrum
464 1332 499 1391 et
517 1324 665 1411 Capituli
688 1324 771 1389 dicti
787 1322 979 1408 Hospitalis,
996 1322 1032 1386 in
1046 1321 1199 1387 saisinam

154 1440 170 1465 “
194 1429 345 1517 praedicti
368 1428 505 1493 Roherti
530 1427 629 1492 Frara
655 1430 690 1491 et
715 1424 855 1505 (laciliae,
879 1425 993 1489 uxoris
1017 1446 1095 1501 suaa,
1125 1445 1199 1488 con-

153 1542 171 1567 “
194 1536 381 1609 cesserunt3
403 1535 437 1594 et
453 1551 511 1615 per
534 1529 693 1616 scriptum
713 1549 810 1593 suum
825 1527 1102 1592 confirmaverunt
1117 1549 1201 1613 prae·

155 1641 173 1670 “
196 1634 294 1700 dictis
319 1632 463 1698 Roharto
491 1631 598 1710 Frare,
625 1636 659 1696 et
687 1629 827 1710 Oaciliae,
843 1631 939 1695 uxori
964 1652 1041 1708 suae,
1066 1629 1202 1715 praedic-

156 1747 173 1773 “
196 1744 271 1803 tum
285 1735 497 1822 mesuagium,
513 1756 588 1799 cum
602 1733 821 1819 pertinentiis,
836 1733 1023 1798 habendum
1041 1736 1075 1797 at
1088 1737 1201 1797 tenan-

155 1851 173 1875 “
197 1839 278 1905 dum
304 1837 469 1926 praedictis
496 1836 641 1902 Roberto
665 1840 700 1900 at
717 1835 855 1912 Oeciliaa,
872 1840 907 1900 at
921 1832 1106 1900 haeredibus
1122 1833 1201 1899 dicti

155 1952 172 1978 ‘⁸
197 1941 356 2019 Robarti3
383 1939 471 2025 quod
487 1938 620 2024 quidem
636 1938 794 2024 scriptum
809 1937 986 2024 praedictus
1000 1934 1114 2000 Ahbss
1129 1957 1202 2022 pro

156 2055 172 2079 ‘⁴
196 2044 261 2109 fert
286 2043 322 2107 in
350 2042 460 2120 Curia,
477 2048 511 2107 et
536 2041 621 2128 petit
644 2040 818 2127 judicium.
876 2039 912 2104 Si
940 2039 1200 2104 contrafactum

156 2158 172 2183 ‘⁶
196 2146 392 2236 praedictum
416 2133 573 2232 praefatus
598 2142 693 2208 Prior
716 2142 845 2208 venerit
865 2163 940 2207 eum
956 2142 997 2207 da
1012 2144 1200 2208 tenemento

155 2260 172 2286 “
195 2250 363 2337 praedicto,
386 2253 594 2313 attornatum
615 2246 735 2311 habere
753 2249 871 2332 potest.
1213 2332 1252 2382 n
1277 2329 1322 2382 Pri

1252 2347 1266 2383 θ
1323 2346 1353 2382 01⁸

200 2362 217 2387 “
240 2352 320 2417 Post
343 2351 386 2415 ad
413 2350 547 2417 Curiam
572 2354 703 2414 tentam
727 2355 757 2413 ct
777 2354 901 2426 camec,
918 2347 1093 2435 pradictus
1108 2346 1201 2411 Prior
1214 2397 1303 2449 semia
1313 2398 1356 2448 the

153 2460 171 2487 “
194 2450 380 2535 dicitquod
400 2449 524 2514 factum
539 2470 635 2513 suum
656 2469 723 2513 non
738 2450 848 2532 potest
861 2446 1018 2523 dedicere,
1033 2452 1062 2512 at
1077 2452 1200 2524 camec.
1215 2465 1323 2515 Aooot’s

157 2562 174 2588 “
198 2552 278 2619 Ideo
298 2551 538 2618 consideratum
564 2556 622 2629 est,
647 2557 676 2616 ct
700 2547 845 2616 aalma?
1215 2531 1290 2596 right,

155 2896 332 2966 Processas
350 2894 483 2980 placiti,
507 2894 597 2982 quod
618 2894 734 2961 Abhcs
756 2896 797 2962 dc
819 2895 942 2964 Sancto
964 2896 1103 2972 Albanae
1132 2919 1204 2964 sou

245 3004 377 3064 latetur
398 2996 581 3084 quicquam
602 2996 723 3064 solvere
745 2997 792 3064 acl
809 2999 1081 3084 pompositatem
1102 3000 1204 3086 Rapis

246 3098 393 3166 militem
410 3098 624 3186 faciendam,
649 3121 707 3164 scu
730 3099 852 3186 ¹[pco]
871 3100 1105 3186 putamus
1118 3099 1205 3186 filia

247 3201 456 3278 macutus,
472 3200 607 3268 actione
621 3200 859 3268 mammeas
872 3224 1016 3268 morum
1030 3204 1070 3270 dc
1091 3203 1203 3290 Wyas-

248 3305 326 3371 locos
348 3312 378 3372 ct
402 3303 616 3391 Graowbarph
638 3304 681 3370 im
707 3304 877 3372 Omaitctu
899 3305 1176 3392 Bulopophcmc'ae.

1216 3393 1314 3443 Record
1325 3393 1353 3443 ol

203 3505 219 3529 “
243 3493 371 3559 Placita
398 3515 508 3558 eoram
536 3492 724 3559 Beronibus
744 3493 784 3558 da
800 3492 966 3559 Soaccario
990 3497 1080 3583 apud
1095 3496 1202 3564 West·
1215 3460 1373 3577 {fflsstlfl

157 3608 174 3643 ⁴‘
197 3597 441 3674 monasterium,
456 3597 500 3661 ad
516 3596 721 3682 quindenam
737 3597 877 3675 Paschae,
894 3620 982 3665 anno
996 3600 1091 3688 regni
1106 3602 1206 3689 Regis
1216 3592 1323 3670 linffity
1333 3600 1359 3642 ²⁰

156 3711 173 3738 a
203 3700 368 3778 sewun,
394 3700 499 3766 neren
524 3722 543 3764 a
568 3699 771 3786 conquaestu
794 3700 935 3789 lngus,
959 3704 1130 3771 assumo.
1217 3659 1372 3790 {¹233le

203 3813 220 3838 “
243 3803 405 3869 Dominus
430 3803 504 3868 Rex
527 3803 701 3869 mandavit
723 3803 777 3868 hic
801 3803 902 3871 brava
917 3828 1014 3871 suum
1030 3809 1069 3872 de
1085 3791 1372 3907 Magnofflhwd

157 3914 176 3942 “
200 3907 327 3996 Sigillo,
344 3906 433 3994 quod
460 3910 510 3971 est
535 3906 624 3971 inter
649 3907 846 3973 Communia
865 3908 905 3974 de
930 3932 1018 3976 anno
1033 3911 1206 3988 tricesimo,
1217 3924 1307 3989 Ruga

157 4019 175 4044 “
198 4009 361 4086 videlicet,
377 4009 516 4086 Paschae,
541 4009 577 4074 in
601 4009 672 4075 haec
696 4011 850 4076 verba-
1216 3993 1360 4120 ffidffissss’

195 4119 215 4143 ‘⁶
237 4115 429 4180 ‘Edwardus
449 4116 505 4170 Dei
524 4117 630 4187 gratia,
644 4115 707 4170 Rex
725 4117 842 4188 Angliae
861 4125 891 4173 at
909 4120 1050 4185 Francia,
1064 4126 1095 4176 et
1106 4121 1205 4175 Domi·
1217 4123 1247 4173 of
1260 4123 1356 4173 carmin

160 4202 180 4227 “
202 4203 279 4255 ‘nus
296 4200 459 4265 Hibernia,
473 4201 667 4256 Thesaurario
680 4211 710 4256 at
721 4201 884 4258 Beronibus
903 4203 964 4259 suis
983 4205 1020 4259 da
1043 4203 1203 4271 Soaccarm,
1216 4205 1324 4241 mmm·

161 4287 180 4310 ‘⁸
202 4287 209 4311 ⁴
225 4283 358 4339 salutem.
393 4283 569 4340 Monstravit
586 4284 670 4340 nobis
689 4281 815 4340 dilectus
831 4287 915 4342 nobis
933 4287 965 4341 in
978 4287 1095 4343 Christo
1106 4287 1206 4342 Abbas
1216 4270 1325 4387 {¹5⁰3
1334 4277 1361 4319 ⁸⁰

161 4371 180 4395 ‘⁴
202 4371 209 4394 ‘
224 4367 260 4423 (le
275 4367 382 4424 Sancto
395 4367 510 4424 Albano
527 4386 581 4439 par
593 4369 765 4439 petitionem
778 4388 871 4435 suam,
886 4389 983 4426 coram
995 4371 1078 4427 nobis
1092 4379 1122 4427 et
1134 4372 1327 4468 0⁰1¹·ehequer

593 4627 600 4659 ¹
616 4626 728 4678 omitted
735 4626 762 4676 iu
772 4626 827 4678 MS.
