3038 5452
472 710 646 760 neruum
669 695 731 781 (n)
1056 691 1122 764 473

80 896 99 921 '‘
117 911 184 948 rum
201 890 380 949 ordinatione
398 897 428 948 et
445 891 506 946 vitu
523 910 581 948 non
598 891 771 956 constiterit,
791 891 908 963 penitus
920 891 1120 962 repellentur3

80 981 99 1005 “
118 985 149 1032 et
176 995 212 1032 ne
237 976 365 1048 imperiti
391 976 589 1048 peritioribus,
615 977 664 1031 vel
690 976 809 1032 viliores
826 975 1050 1040 honestioribus,
1070 993 1123 1047 pro

80 1065 99 1089 “
118 1063 239 1118 levitate
256 1060 467 1132 stipendiorum
484 1062 685 1132 praeferantur.

276 1298 326 1365 De
347 1305 428 1365 iaco
450 1297 618 1384 dispendii
639 1297 922 1385 Proebytormwn.

115 1444 134 1467 “
155 1439 308 1511 Stipendia
331 1441 572 1511 presbyterorum
596 1441 684 1497 unius
711 1442 779 1497 enni
808 1459 861 1513 per
878 1447 968 1497 totum
983 1440 1123 1512 jurisdic-

79 1527 99 1551 “
118 1524 227 1579 tionem
245 1530 374 1579 nostram
392 1524 528 1581 duximus
547 1525 671 1581 texendo
688 1525 726 1581 od
744 1527 873 1598 quinque
891 1543 1013 1581 marcos.
1062 1525 1121 1581 Vo-

78 1610 100 1635 “
117 1607 215 1664 lumue
233 1609 354 1679 iusuper
379 1607 456 1679 quod
482 1608 590 1681 viginti
618 1609 726 1665 solidos
750 1610 923 1682 percipient,
944 1610 969 1665 ei
987 1611 1067 1682 ipsos
1091 1611 1122 1664 in

79 1695 98 1719 “
117 1709 219 1748 menso
236 1693 358 1763 alicujus
376 1710 430 1763 per
447 1711 555 1748 annum
572 1694 728 1749 casualiter
745 1695 854 1749 morari
872 1695 1031 1765 continget.

222 1933 272 1999 De
294 1933 439 2000 Servilio
461 1933 590 2000 Dicr‘sno
613 1932 718 1999 debito
736 1931 985 2019 perimpleodo.

117 2085 136 2109 ¹⁸
156 2081 301 2137 Ceterum
313 2083 478 2154 presbyteri
490 2083 550 2138 sint
561 2081 656 2136 seduli
674 2080 712 2136 ed
724 2080 825 2137 divino
842 2080 936 2136 officie
953 2080 1033 2136 borio
1046 2098 1123 2136 com·

81 2169 100 2193 ‘⁴
119 2167 283 2238 petentibus
302 2177 332 2221 et
350 2167 468 2223 statutis
486 2168 517 2221 in
536 2167 597 2222 snio
616 2166 749 2221 ecclesiis
767 2165 958 2231 celebrendn3
985 2171 1014 2222 et
1031 2184 1068 2221 ne
1086 2167 1123 2220 de

81 2250 302 2323 “negligentia
318 2252 367 2306 vel
390 2250 504 2306 desidio
521 2256 692 2322 arguentur,
712 2251 749 2305 ob
773 2251 851 2305 omni
870 2249 1009 2321 ¹gerrule
1026 2251 1122 2305 conse

79 2338 100 2361 ‘⁸
120 2334 276 2398 bnletione,
296 2341 327 2390 et
344 2335 410 2391 eliis
429 2352 495 2406 quae
513 2334 551 2389 ed
568 2351 631 2388 rem
649 2352 707 2389 non
724 2333 880 2406 pertinent,
895 2332 1011 2388 omnino
1029 2334 1121 2391 desie-

80 2421 100 2446 “
120 2422 225 2482 tentes,
235 2434 301 2488 quoe
313 2423 439 2483 content,
450 2418 512 2474 sive
524 2419 637 2489 legunt,
647 2418 784 2473 distincte
792 2419 950 2489 proferunt,
962 2423 992 2473 et
1004 2424 1122 2490 operte;

79 2506 100 2529 “
120 2518 178 2557 non
201 2501 425 2557 transcurrendo
450 2503 498 2556 vel
516 2500 730 2574 'syncopando
749 2501 802 2558 eed
828 2520 896 2558 oum
920 2501 1019 2557 debite
1044 2519 1125 2557 reve·

80 2590 100 2614 ‘⁶
120 2588 215 2642 rentie
240 2588 337 2642 omnio
361 2586 502 2650 sociendo,
528 2593 563 2642 ut
587 2586 624 2641 od
650 2586 833 2642 devotionem
863 2587 990 2642 excitent
1012 2587 1124 2641 animos

80 2675 100 2699 “
121 2672 295 2727 auditorum.
333 2671 525 2742 Praecipimus
550 2671 639 2726 etiam
669 2676 702 2727 ut
727 2671 899 2742 corporolia,
925 2689 1005 2737 roeo,
1036 2673 1125 2728 veeti-

81 2759 101 2782 “
121 2764 228 2823 mento,
240 2773 275 2810 oc
293 2755 352 2810 ulie
368 2755 509 2810 Ecclesiae
528 2762 705 2818 ornamenta,
720 2755 845 2827 integro,
860 2755 961 2820 nitide,
976 2762 1006 2811 et
1017 2755 1126 2810 munde

80 2842 101 2867 “
121 2845 346 2905 conserventur;
377 2857 444 2894 oum
474 2839 563 2894 nimis
594 2841 634 2894 sit
661 2840 821 2895 absurdum
845 2841 877 2895 in
904 2840 994 2897 sacris
1025 2841 1125 2897 sordeo

80 2926 100 2950 “
120 2924 282 2995 negligere,
303 2941 368 2994 quae
387 2923 560 2978 dedecerent
578 2923 667 2979 etiam
685 2924 715 2980 in
732 2923 891 2996 ‘'profunis·

93 3176 144 3245 De
166 3175 411 3244 ‘Eocltorietio
433 3184 463 3243 et
486 3174 675 3244 diedemate
695 3175 877 3263 bonmofioo
898 3179 1108 3245 commeatis.

118 3316 137 3340 “
156 3312 243 3377 Item,
262 3312 478 3368 Eucharistiem
506 3318 536 3368 et
553 3312 690 3368 Chriemo
714 3313 769 3368 sub
795 3311 875 3366 fideli
892 3311 1030 3368 ⁶serrnro
1053 3332 1126 3386 prae-

81 3400 102 3425 ‘⁴
121 3396 246 3467 cipimus
270 3396 421 3461 custodiri,
440 3413 477 3451 ne
495 3395 532 3451 od
550 3413 585 3451 ee
603 3397 760 3467 quiequam
777 3397 968 3452 temerarium
991 3399 1127 3452 extenda-

82 3483 102 3507 “
121 3485 172 3536 tur
182 3501 190 3544 ;
208 3479 425 3535 Eucharistiem
443 3479 531 3535 etiam
549 3481 626 3534 infre
644 3479 794 3535 sindonem
812 3479 950 3535 mundum
968 3481 1125 3538 honorifice

82 3566 102 3590 “
120 3563 265 3618 collocari.
304 3563 337 3620 Si
355 3564 420 3636 quis
438 3570 536 3619 eutem
555 3581 590 3619 ee
608 3564 724 3619 incente
743 3564 906 3635 reliquerit,
926 3566 1022 3622 tribue
1047 3585 1126 3622 men-

82 3651 102 3675 “
122 3647 205 3703 sibus
222 3648 258 3702 ob
276 3648 369 3703 officio
387 3648 427 3704 sit
444 3666 612 3718 suspensus.

80 3878 132 3945 De
152 3877 286 3946 servitio
300 3879 424 3947 altoris
441 3878 693 3967 perhonestum
707 3886 736 3946 et
751 3879 937 3949 “idoneum
957 3882 1126 3950 (ibericum

420 3981 524 4048 debite
542 3982 788 4070 perimpleodo,

119 4113 139 4138 ‘¹
152 4109 331 4183 Adjicientes
343 4112 421 4184 quod
433 4113 558 4185 quilibet
568 4113 677 4168 Rector
688 4114 862 4170 etVicoriue
869 4114 975 4170 bobeet
983 4114 1122 4170 clericum

82 4199 103 4224 “
122 4197 281 4268 proprium,
296 4198 346 4269 qui
358 4199 398 4253 uit
415 4198 556 4269 legitimae
574 4199 678 4263 aetotie,
692 4199 847 4254 honestum
859 4204 890 4253 et
901 4199 1121 4268 morigeratum,

87 4366 402 4377 n-——ou--nae—----
415 4370 485 4375 -.--
506 4370 522 4375 .-
538 4368 630 4376 φ...-

119 4455 125 4487 ¹
136 4453 225 4520 porcio
236 4455 261 4504 iu
274 4456 330 4506 Ms.
661 4456 671 4487 ⁴
683 4456 835 4519 Eularyso'a
846 4464 870 4505 et
883 4458 1004 4508 Orientale
1015 4459 1041 4509 in
1052 4461 1109 4513 MS.

118 4533 282 4599 1ιίιιοοραιιιίο
292 4534 317 4583 iu
329 4535 385 4584 MS.
661 4536 769 4585 ⁵serura
782 4537 807 4584 in
819 4536 876 4586 MS.

121 4612 270 4678 'propioris
281 4614 307 4663 in
318 4613 373 4664 MS.
662 4615 671 4647 ⁶
679 4614 794 4678 ydoneum
804 4615 831 4664 in
839 4616 894 4666 MS.
