3038 5452
420 719 630 772 noslsrssn
653 719 774 770 sancrr
796 721 930 772 erasm.
1128 711 1192 774 455

153 909 172 934 ‘¹
191 905 332 970 ooenobio,
345 904 446 962 locove
463 906 522 962 alio
539 907 733 972 conventuali,
752 906 831 963 exire
848 913 1016 980 prasumat,
1035 909 1092 966 nisi
1103 910 1195 981 petita
1223 916 1342 980 iliona,

154 994 173 1017 ‘⁴
192 991 274 1062 prius
293 990 419 1056 licentia,
440 997 471 1046 et
488 991 614 1057 obtenta,
628 992 665 1047 ab
677 992 741 1062 ejus
761 991 927 1063 Superiora,
947 993 999 1064 qui
1017 1010 1082 1049 eam
1099 994 1196 1050 valeat
1252 985 1312 1034 ³⁰l¹³

153 1078 172 1102 ‘⁶
193 1073 366 1146 indulgere;
394 1075 529 1146 quodque
548 1092 668 1131 causam
694 1076 741 1131 sui
768 1076 873 1141 exitus,
898 1077 978 1131 omni
995 1077 1111 1133 fictione
1135 1095 1197 1135 cas·
1235 1050 1331 1112 ΑΜ

154 1162 172 1186 “
193 1165 284 1223 sante,
299 1157 450 1230 Superiori
461 1165 587 1230 exponat
598 1159 713 1224 eidem
733 1176 767 1214 ac
780 1159 858 1230 quod
869 1160 932 1232 ipse
946 1160 1095 1232 Superior,
1109 1162 1198 1218 licen·
1226 1117 1346 1236 132&st

153 1245 264 1299 “tiam
286 1242 454 1315 hujusmodi
472 1243 586 1299 nisiex
612 1261 701 1299 causa
717 1243 885 1298 rationabili
902 1261 959 1299 non
987 1246 1134 1311 concedat,
1154 1247 1197 1303 eis
1251 1278 1321 1294 --

154 1331 172 1354 ‘⁶
193 1345 308 1399 qnoque
326 1327 432 1399 quibus
450 1326 599 1383 licentiam
618 1327 741 1391 dederit,
756 1333 870 1383 certum
887 1328 1023 1399 praefigat
1039 1330 1198 1386 terminum

154 1416 172 1438 ‘⁴
192 1410 343 1477 redeundi,
360 1421 395 1466 ut
406 1411 612 1466 convenienter
626 1408 789 1483 ¹poterunt,
804 1412 969 1468 breviorem
979 1428 1077 1478 3-nos
1090 1413 1198 1470 dictam

154 1500 172 1522 ‘⁴
193 1494 445 1560 constitutionem,
464 1495 572 1550 nedum
600 1495 813 1561 rationabilem,
834 1496 886 1552 sed
908 1497 1112 1564 necessariam,
1139 1516 1199 1555 mo-

154 1583 173 1606 ‘⁴
192 1579 291 1635 dernis
320 1579 499 1651 temporibus
525 1580 746 1651 perpendentes,
771 1581 976 1652 praelatosqua,
1006 1582 1058 1653 qui
1087 1587 1199 1640 contm·

154 1668 173 1690 ‘¹
192 1665 271 1720 rium
294 1665 427 1729 fecerint,
447 1681 500 1718 sen
518 1665 583 1718 fieri
601 1665 803 1736 permiserint,
824 1673 854 1720 et
872 1666 1008 1733 scienter,
1028 1667 1107 1723 circa
1133 1684 1200 1723 auos

155 1752 173 1774 “
193 1749 324 1804 subditos
348 1754 516 1820 reputantes
542 1748 727 1819 culpabiliter
747 1749 941 1821 negligentes,
967 1750 1113 1807 universis
1135 1769 1200 1807 nos-

154 1837 173 1858 “
193 1838 246 1888 trae
271 1833 423 1904 religionis
456 1831 595 1904 praelatis,
627 1850 738 1888 necnon
762 1834 897 1888 omnibus
922 1834 989 1890 aliia
1015 1836 1132 1905 quibus,
1165 1854 1199 1890 ex

155 1921 174 1942 ‘¹
193 1917 402 1973 consuetudine
420 1918 468 1973 vel
480 1917 563 1982 alias,
576 1918 716 1988 competit
734 1917 801 1973 aliis
820 1917 857 1973 ad
875 1918 1039 1974 exeundum
1051 1919 1200 1975 licentiam

155 2005 173 2029 “
193 2001 356 2074 indulgere,
379 2002 542 2059 districtius
560 2001 777 2068 demandamus,
798 2002 878 2073 quod
895 2003 1139 2059 Constitutionem
1157 2004 1201 2076 ip·

154 2091 173 2113 ‘⁴
194 2105 266 2152 sam,
280 2092 422 2158 quatenus
441 2104 491 2142 eos
506 2088 662 2152 concernit,
680 2087 844 2153 observent,
859 2093 898 2153 et,
912 2094 1055 2158 quatenns
1068 2087 1200 2144 subditos

155 2175 173 2198 “
193 2173 298 2243 tangit,
317 2189 382 2226 earn
400 2172 510 2227 faciant
527 2172 563 2226 ab
581 2171 693 2227 eisdem
711 2171 920 2227 inviolabiliter
938 2172 1096 2228 observari.

190 2258 210 2282 ‘⁴
229 2255 354 2327 Insuper
374 2256 573 2326 prohibemus,
598 2273 635 2310 ne
648 2256 714 2328 qnis
731 2262 839 2312 nostrae
857 2256 1011 2327 religionis
1029 2255 1198 2321 monachus,
1211 2265 1369 2330 Injnnotions

142 2343 173 2367 “⁸
193 2341 242 2396 eui
260 2339 297 2395 ad
315 2340 479 2395 exeundum
497 2341 535 2396 ad
552 2351 666 2396 certum
685 2341 791 2407 locum,
811 2341 859 2396 vel
884 2347 965 2397 certa
988 2343 1061 2408 loca,
1081 2342 1201 2398 licentia
1212 2340 1370 2410 Ψοεΰῦῑ·

155 2429 173 2452 “
194 2431 240 2481 est
257 2442 402 2490 concessa,
423 2425 460 2481 ad
477 2426 542 2481 loca
565 2426 632 2491 alia,
653 2425 789 2481 lateralia
811 2426 860 2481 rel
878 2426 1029 2493 ulteriora,
1048 2426 1201 2498 religioso·
1213 2399 1373 2517 mbssstlfflwf

155 2514 173 2537 ‘¹
192 2527 259 2564 rum
278 2527 329 2567 seu
348 2510 531 2567 secularium
550 2528 799 2582 quorumcunque,
814 2528 845 2566 se
856 2512 1024 2578 transferat,
1037 2530 1091 2567 seu
1108 2482 1229 2566 diver·a
1272 2482 1326 2517 m

155 2598 173 2620 ‘¹
193 2599 254 2660 tat;
272 2595 331 2651 nisi
349 2601 416 2650 ante
430 2613 516 2650 suurn
535 2611 690 2667 egressum
703 2595 781 2666 quod
793 2595 830 2651 ad
847 2596 920 2652 talia
931 2596 996 2653 loca
1013 2614 1044 2652 se
1057 2597 1202 2653 divertere

155 2683 173 2705 ·‘
193 2685 293 2751 posset
316 2697 334 2735 a
358 2697 412 2736 suo
434 2680 557 2751 praelato
580 2679 731 2735 licentiam
755 2680 913 2752 specialem
931 2681 1077 2746 habuerit,
1103 2686 1133 2736 et
1156 2699 1203 2736 ex-

154 2766 173 2790 “
193 2781 342 2835 pressamz
381 2765 460 2836 quod
490 2764 518 2820 si
547 2765 614 2836 quis
645 2765 739 2821 nostri
769 2764 887 2821 Ordinis
918 2767 1141 2832 contravenerit,
1174 2774 1205 2822 et

154 2852 175 2876 ‘'
194 2866 283 2921 super
298 2849 353 2905 hoc
371 2849 522 2905 convictus
538 2849 677 2914 extiterit,
691 2867 759 2905 eum
777 2850 840 2905 fore
858 2852 894 2906 ab
913 2852 993 2907 exitu
1011 2851 1133 2907 claustri
1150 2868 1204 2922 per

154 2933 369 3006 “quindenam
400 2935 557 2990 statuimus
588 2935 846 3007 suspendendum
878 2942 909 2991 et
938 2937 1020 3003 alias,
1052 2937 1078 2991 si
1107 2934 1204 3007 quoad

155 3021 173 3045 “
194 3018 288 3074 multa
317 3019 384 3075 loca
413 3020 580 3087 excesserit,
609 3020 695 3092 juxta
725 3021 930 3077 discretionem
949 3022 996 3078 ani
1024 3021 1148 3092 praelati,
1174 3026 1205 3075 et

154 3106 173 3130 ‘⁶
194 3120 330 3160 excessus
360 3105 549 3176 exigentiam
581 3105 770 3177 puniendum.
827 3106 915 3161 Salva
944 3113 1042 3162 tamen
1072 3103 1202 3177 praelatis

154 3191 173 3215 ‘⁴
192 3188 275 3260 ipsis,
305 3189 336 3243 in
365 3187 460 3245 dando
487 3190 579 3245 talem
608 3190 768 3257 licentiam,
798 3196 941 3262 potestate
971 3207 1040 3246 cum
1070 3189 1203 3261 personis

154 3275 318 3331 “maturis
346 3281 376 3331 et
402 3277 579 3349 approbatis,
608 3284 697 3349 prout
729 3276 875 3343 duxerint,
903 3277 1061 3348 ingerere
1086 3275 1202 3346 diapan-

155 3363 174 3386 “
194 3360 288 3426 sandi,
306 3367 341 3417 ut
358 3361 396 3416 ad
413 3362 477 3418 loca
495 3380 678 3434 quaecunque
702 3361 844 3427 lateralia,
863 3361 912 3417 val
930 3361 1037 3429 vicina,
1056 3360 1146 3416 etiam
1173 3361 1204 3416 in

156 3447 175 3472 ‘⁴
194 3445 318 3517 patendo
336 3446 486 3502 licentiam
511 3465 569 3503 non
587 3465 732 3520 expressa,
751 3447 873 3519 possint,
892 3451 980 3517 prout
997 3446 1153 3511 voluerint,
1173 3464 1204 3502 se

156 3533 175 3556 “
195 3528 340 3587 divertere
365 3549 418 3587 sen
443 3533 612 3599 transferre,
635 3538 755 3604 propter
772 3531 931 3587 utilitatem
949 3531 1131 3596 Monasterii,
1157 3531 1206 3586 vel

156 3617 176 3641 “
196 3615 381 3671 commodum
393 3633 594 3689 personarum,
613 3635 666 3674 seu
684 3635 786 3673 causas
805 3616 878 3672 alias
890 3615 1027 3672 honestas
1045 3617 1077 3671 in
1089 3616 1202 3680 itinere,

156 3704 175 3727 “
195 3699 244 3754 vel
270 3706 337 3772 post
366 3719 534 3758 concessam
562 3702 721 3769 licentiam,
753 3702 875 3757 forsitan
904 3707 1100 3757 occurrentes.
1137 3700 1206 3756 Non

157 3785 177 3811 ‘⁰
196 3790 294 3840 tamen
317 3786 406 3843 liceat
430 3805 497 3843 cum
521 3789 657 3845 omnibus
675 3787 876 3843 indifferenter
899 3787 998 3842 taliter
1024 3787 1203 3858 dispensare,

157 3871 176 3896 ‘⁴
195 3885 233 3923 ne
250 3868 442 3927 insolentibus
460 3872 609 3928 tribuetur
626 3890 679 3945 per
696 3873 846 3929 licentiam
869 3871 1058 3928 indiscretam
1083 3869 1206 3925 materia

158 3955 177 3981 ‘⁴
198 3953 351 4024 evagandi.
391 3955 547 4022 Caeterum,
579 3975 646 4013 cum
677 3975 814 4030 expresse
837 3957 868 4011 in
896 3962 997 4012 nostra
1019 3954 1135 4026 Regula
1164 3953 1205 4008 sit

157 4042 176 4064 “
197 4045 372 4105 contentum,
402 4047 436 4096 ut
465 4042 545 4097 omni
575 4049 716 4114 tempore,
749 4044 811 4098 sive
838 4041 954 4113 jejunii,
987 4041 1048 4095 sivo
1078 4037 1203 4109 prandii,

160 4127 180 4150 ‘⁶
200 4138 300 4180 omnes
327 4125 359 4179 in
384 4143 477 4181 unum
505 4127 595 4198 positi
623 4128 796 4196 compleant,
825 4133 855 4181 ot
880 4125 1053 4182 exeuntibus
1079 4143 1096 4177 a
1117 4123 1204 4178 Com·

157 4211 176 4235 ⁸⁴
195 4208 328 4280 plateriis
351 4210 434 4266 nulla
456 4210 495 4266 sit
518 4211 638 4267 licentia
662 4211 757 4267 denuo
781 4211 919 4281 cuiquam
944 4207 1204 4282 quicquamloqni,

157 4293 254 4349 “nisi
278 4300 398 4366 propter
428 4296 569 4367 hospites,
603 4295 629 4351 si
660 4295 711 4367 qui
735 4302 806 4350 tunc
830 4294 906 4349 forte
932 4293 1050 4356 fuerint,
1077 4290 1124 4346 vel
1147 4291 1206 4346 nisi

157 4380 177 4405 ‘¹
196 4378 335 4450 praelatus
354 4379 469 4450 aliquid
489 4380 616 4452 jusserit
633 4379 722 4434 alicui
741 4379 878 4444 illorum3
905 4378 1000 4450 igitur
1017 4376 1206 4448 praelatorum

158 4463 411 4537 “negligentiam
435 4464 572 4520 duximus
605 4464 711 4519 merito
735 4462 959 4534 reprobandam,
988 4462 1038 4533 qui
1072 4460 1205 4516 subditos

158 4550 178 4575 “
198 4564 275 4613 auos,
296 4551 399 4606 necin
416 4568 488 4605 cura
510 4550 670 4622 hospitum,
690 4548 794 4603 necin
812 4547 874 4602 suis
894 4546 1006 4612 officiis,
1026 4545 1205 4601 rationabili·
