<?xml version="1.0" encoding="UTF-8"?>
<!DOCTYPE html PUBLIC "-//W3C//DTD XHTML 1.0 Transitional//EN"
    "http://www.w3.org/TR/xhtml1/DTD/xhtml1-transitional.dtd">
<html xmlns="http://www.w3.org/1999/xhtml" xml:lang="en" lang="en">
 <head>
  <title>
</title>
<meta http-equiv="Content-Type" content="text/html;charset=utf-8" />
  <meta name='ocr-system' content='tesseract 3.04.00' />
  <meta name='ocr-capabilities' content='ocr_page ocr_carea ocr_par ocr_line ocrx_word'/>
</head>
<body>
  <div class='ocr_page' id='page_1' title='image "./gestaabbatummon00parigoog_0523.png"; bbox 0 0 3038 5452; ppageno 0'>
   <div class='ocr_carea' id='block_1_1' title="bbox 230 649 880 733">
    <p class='ocr_par' dir='ltr' id='par_1_1' title="bbox 230 649 880 733">
     <span class='ocr_line' id='line_1_1' title="bbox 230 649 880 733; baseline -0.012 -14"><span class='ocrx_word' id='word_1_1' title='bbox 230 655 294 720; x_wconf 77' lang='lat'>494</span> <span class='ocrx_word' id='word_1_2' title='bbox 618 661 794 711; x_wconf 78' lang='lat' dir='ltr'>sseusmx</span> <span class='ocrx_word' id='word_1_3' title='bbox 820 649 880 733; x_wconf 82' lang='grc' dir='ltr'><strong>(η.)</strong></span> 
     </span>
    </p>
   </div>
   <div class='ocr_carea' id='block_1_2' title="bbox 225 850 1272 3354">
    <p class='ocr_par' dir='ltr' id='par_1_2' title="bbox 225 850 1272 3354">
     <span class='ocr_line' id='line_1_2' title="bbox 229 850 1271 924; baseline 0.002 -18"><span class='ocrx_word' id='word_1_4' title='bbox 229 856 249 881; x_wconf 84' lang='grc'>“</span> <span class='ocrx_word' id='word_1_5' title='bbox 268 852 365 924; x_wconf 89' lang='lat' dir='ltr'>pletis,</span> <span class='ocrx_word' id='word_1_6' title='bbox 385 851 464 906; x_wconf 90' lang='lat' dir='ltr'>dicat</span> <span class='ocrx_word' id='word_1_7' title='bbox 481 851 528 906; x_wconf 88' lang='lat' dir='ltr'>vel</span> <span class='ocrx_word' id='word_1_8' title='bbox 556 850 684 905; x_wconf 91' lang='lat' dir='ltr'>celebret</span> <span class='ocrx_word' id='word_1_9' title='bbox 711 851 810 922; x_wconf 89' lang='lat' dir='ltr'>(prout</span> <span class='ocrx_word' id='word_1_10' title='bbox 836 853 987 909; x_wconf 78' lang='lat' dir='ltr'>secaverit</span> <span class='ocrx_word' id='word_1_11' title='bbox 1017 853 1271 921; x_wconf 63' lang='lat' dir='ltr'>hebdomadarius)</span> 
     </span>
     <span class='ocr_line' id='line_1_3' title="bbox 229 934 1272 1006; baseline 0.003 -16"><span class='ocrx_word' id='word_1_12' title='bbox 229 941 247 966; x_wconf 85' lang='lat'><strong>“</strong></span> <span class='ocrx_word' id='word_1_13' title='bbox 266 936 389 992; x_wconf 87' lang='lat' dir='ltr'>Missam</span> <span class='ocrx_word' id='word_1_14' title='bbox 415 935 451 990; x_wconf 87' lang='lat' dir='ltr'>dc</span> <span class='ocrx_word' id='word_1_15' title='bbox 482 935 548 999; x_wconf 90' lang='lat' dir='ltr'>die;</span> <span class='ocrx_word' id='word_1_16' title='bbox 575 940 605 989; x_wconf 89' lang='lat' dir='ltr'>et</span> <span class='ocrx_word' id='word_1_17' title='bbox 629 941 694 1005; x_wconf 90' lang='lat' dir='ltr'>post</span> <span class='ocrx_word' id='word_1_18' title='bbox 721 951 795 999; x_wconf 86' lang='lat' dir='ltr'>eam,</span> <span class='ocrx_word' id='word_1_19' title='bbox 821 936 920 990; x_wconf 88' lang='lat' dir='ltr'>statim</span> <span class='ocrx_word' id='word_1_20' title='bbox 945 934 1062 1006; x_wconf 83' lang='lat' dir='ltr'>¹[Hora</span> <span class='ocrx_word' id='word_1_21' title='bbox 1083 937 1170 992; x_wconf 83' lang='lat' dir='ltr'>Nona</span> <span class='ocrx_word' id='word_1_22' title='bbox 1197 937 1272 993; x_wconf 87' lang='lat' dir='ltr'>dica·</span> 
     </span>
     <span class='ocr_line' id='line_1_4' title="bbox 229 1016 1271 1093; baseline 0.002 -18"><span class='ocrx_word' id='word_1_23' title='bbox 229 1024 247 1048; x_wconf 79' lang='lat'>‘⁶</span> <span class='ocrx_word' id='word_1_24' title='bbox 267 1019 340 1088; x_wconf 86' lang='lat' dir='ltr'>tur].</span> <span class='ocrx_word' id='word_1_25' title='bbox 372 1017 537 1088; x_wconf 80' lang='lat' dir='ltr'>Quefinita,</span> <span class='ocrx_word' id='word_1_26' title='bbox 551 1016 910 1090; x_wconf 85' lang='lat' dir='ltr'>pulsetursdprandium,</span> <span class='ocrx_word' id='word_1_27' title='bbox 929 1018 1149 1093; x_wconf 81' lang='lat' dir='ltr'>vuduut¹[que]</span> <span class='ocrx_word' id='word_1_28' title='bbox 1168 1023 1271 1077; x_wconf 84' lang='lat' dir='ltr'>fratres</span> 
     </span>
     <span class='ocr_line' id='line_1_5' title="bbox 229 1103 1270 1174; baseline 0 -14"><span class='ocrx_word' id='word_1_29' title='bbox 229 1107 248 1131; x_wconf 84' lang='lat'>‘⁴</span> <span class='ocrx_word' id='word_1_30' title='bbox 268 1103 434 1160; x_wconf 73' lang='lat' dir='ltr'>sacerdotes</span> <span class='ocrx_word' id='word_1_31' title='bbox 452 1103 489 1158; x_wconf 91' lang='lat' dir='ltr'>ad</span> <span class='ocrx_word' id='word_1_32' title='bbox 506 1120 655 1168; x_wconf 88' lang='lat' dir='ltr'>mensam;</span> <span class='ocrx_word' id='word_1_33' title='bbox 677 1108 717 1167; x_wconf 88' lang='lat' dir='ltr'>et,</span> <span class='ocrx_word' id='word_1_34' title='bbox 736 1109 771 1158; x_wconf 93' lang='lat' dir='ltr'>ut</span> <span class='ocrx_word' id='word_1_35' title='bbox 787 1104 955 1174; x_wconf 72' lang='lat' dir='ltr'>pruefertur,</span> <span class='ocrx_word' id='word_1_36' title='bbox 975 1105 1131 1162; x_wconf 82' lang='lat' dir='ltr'>comedant</span> <span class='ocrx_word' id='word_1_37' title='bbox 1148 1106 1180 1161; x_wconf 87' lang='lat' dir='ltr'>in</span> <span class='ocrx_word' id='word_1_38' title='bbox 1197 1122 1270 1162; x_wconf 90' lang='lat' dir='ltr'>com·</span> 
     </span>
     <span class='ocr_line' id='line_1_6' title="bbox 229 1187 1270 1262; baseline 0.004 -19"><span class='ocrx_word' id='word_1_39' title='bbox 229 1193 248 1216; x_wconf 92' lang='lat'>“</span> <span class='ocrx_word' id='word_1_40' title='bbox 266 1190 358 1244; x_wconf 90' lang='lat' dir='ltr'>muni.</span> <span class='ocrx_word' id='word_1_41' title='bbox 388 1188 547 1245; x_wconf 81' lang='lat' dir='ltr'>Horavero</span> <span class='ocrx_word' id='word_1_42' title='bbox 556 1187 1125 1262; x_wconf 69' lang='lat' dir='ltr'>vesperarumpulseturadvespem,</span> <span class='ocrx_word' id='word_1_43' title='bbox 1138 1190 1270 1261; x_wconf 82' lang='lat' dir='ltr'>adquam</span> 
     </span>
     <span class='ocr_line' id='line_1_7' title="bbox 229 1272 1270 1345; baseline 0.003 -16"><span class='ocrx_word' id='word_1_44' title='bbox 229 1274 461 1345; x_wconf 87' lang='lat' dir='ltr'>“pulsationem</span> <span class='ocrx_word' id='word_1_45' title='bbox 496 1273 650 1328; x_wconf 85' lang='lat' dir='ltr'>convenire</span> <span class='ocrx_word' id='word_1_46' title='bbox 675 1272 812 1328; x_wconf 90' lang='lat' dir='ltr'>studeant</span> <span class='ocrx_word' id='word_1_47' title='bbox 834 1273 941 1329; x_wconf 81' lang='lat' dir='ltr'>iratres</span> <span class='ocrx_word' id='word_1_48' title='bbox 971 1293 1081 1341; x_wconf 90' lang='lat' dir='ltr'>omnes,</span> <span class='ocrx_word' id='word_1_49' title='bbox 1107 1274 1270 1331; x_wconf 83' lang='lat' dir='ltr'>sacerdotes</span> 
     </span>
     <span class='ocr_line' id='line_1_8' title="bbox 228 1355 1271 1428; baseline 0.003 -16"><span class='ocrx_word' id='word_1_50' title='bbox 228 1361 247 1384; x_wconf 88' lang='lat'>“</span> <span class='ocrx_word' id='word_1_51' title='bbox 267 1363 298 1412; x_wconf 88' lang='lat' dir='ltr'>et</span> <span class='ocrx_word' id='word_1_52' title='bbox 316 1357 435 1428; x_wconf 85' lang='lat' dir='ltr'>leprosi,</span> <span class='ocrx_word' id='word_1_53' title='bbox 458 1374 511 1427; x_wconf 84' lang='lat' dir='ltr'>pro</span> <span class='ocrx_word' id='word_1_54' title='bbox 530 1355 672 1428; x_wconf 88' lang='lat' dir='ltr'>Vesperis</span> <span class='ocrx_word' id='word_1_55' title='bbox 691 1363 722 1412; x_wconf 90' lang='lat' dir='ltr'>et</span> <span class='ocrx_word' id='word_1_56' title='bbox 741 1355 939 1428; x_wconf 78' lang='lat' dir='ltr'>Completorio</span> <span class='ocrx_word' id='word_1_57' title='bbox 956 1359 1110 1415; x_wconf 89' lang='lat' dir='ltr'>audiendis</span> <span class='ocrx_word' id='word_1_58' title='bbox 1128 1366 1159 1415; x_wconf 91' lang='lat' dir='ltr'>et</span> <span class='ocrx_word' id='word_1_59' title='bbox 1179 1359 1271 1414; x_wconf 86' lang='lat' dir='ltr'>dicen·</span> 
     </span>
     <span class='ocr_line' id='line_1_9' title="bbox 228 1439 1271 1515; baseline 0.002 -20"><span class='ocrx_word' id='word_1_60' title='bbox 228 1443 247 1468; x_wconf 80' lang='lat'>‘⁶</span> <span class='ocrx_word' id='word_1_61' title='bbox 266 1440 330 1507; x_wconf 89' lang='lat' dir='ltr'>dis;</span> <span class='ocrx_word' id='word_1_62' title='bbox 350 1457 442 1510; x_wconf 88' lang='lat' dir='ltr'>eaque</span> <span class='ocrx_word' id='word_1_63' title='bbox 455 1439 559 1494; x_wconf 83' lang='lat' dir='ltr'>devote</span> <span class='ocrx_word' id='word_1_64' title='bbox 578 1445 608 1495; x_wconf 90' lang='lat' dir='ltr'>et</span> <span class='ocrx_word' id='word_1_65' title='bbox 625 1439 770 1511; x_wconf 85' lang='lat' dir='ltr'>complete</span> <span class='ocrx_word' id='word_1_66' title='bbox 788 1440 909 1498; x_wconf 83' lang='lat' dir='ltr'>audiant</span> <span class='ocrx_word' id='word_1_67' title='bbox 925 1448 957 1498; x_wconf 91' lang='lat' dir='ltr'>et</span> <span class='ocrx_word' id='word_1_68' title='bbox 973 1443 1082 1508; x_wconf 88' lang='lat' dir='ltr'>dicant,</span> <span class='ocrx_word' id='word_1_69' title='bbox 1096 1449 1185 1515; x_wconf 84' lang='lat' dir='ltr'>prout</span> <span class='ocrx_word' id='word_1_70' title='bbox 1201 1443 1271 1515; x_wconf 86' lang='lat' dir='ltr'>ipsis</span> 
     </span>
     <span class='ocr_line' id='line_1_10' title="bbox 229 1523 1271 1599; baseline 0.004 -20"><span class='ocrx_word' id='word_1_71' title='bbox 229 1528 248 1551; x_wconf 90' lang='grc'><em>“</em></span> <span class='ocrx_word' id='word_1_72' title='bbox 267 1524 363 1579; x_wconf 83' lang='lat' dir='ltr'>dicere</span> <span class='ocrx_word' id='word_1_73' title='bbox 376 1524 519 1586; x_wconf 84' lang='lat' dir='ltr'>convenit,</span> <span class='ocrx_word' id='word_1_74' title='bbox 534 1529 565 1577; x_wconf 90' lang='lat' dir='ltr'>et</span> <span class='ocrx_word' id='word_1_75' title='bbox 576 1523 694 1587; x_wconf 78' lang='lat' dir='ltr'>audirc3</span> <span class='ocrx_word' id='word_1_76' title='bbox 709 1523 857 1594; x_wconf 87' lang='lat' dir='ltr'>Vesperas</span> <span class='ocrx_word' id='word_1_77' title='bbox 873 1531 980 1590; x_wconf 82' lang='lat' dir='ltr'>autem,</span> <span class='ocrx_word' id='word_1_78' title='bbox 990 1533 1021 1582; x_wconf 90' lang='lat' dir='ltr'>et</span> <span class='ocrx_word' id='word_1_79' title='bbox 1034 1526 1271 1599; x_wconf 80' lang='lat' dir='ltr'>Completorium</span> 
     </span>
     <span class='ocr_line' id='line_1_11' title="bbox 228 1606 1272 1683; baseline 0.001 -20"><span class='ocrx_word' id='word_1_80' title='bbox 228 1612 247 1636; x_wconf 91' lang='lat'><strong>“</strong></span> <span class='ocrx_word' id='word_1_81' title='bbox 267 1626 383 1680; x_wconf 86' lang='lat' dir='ltr'>semper</span> <span class='ocrx_word' id='word_1_82' title='bbox 406 1608 529 1678; x_wconf 79' lang='lat' dir='ltr'>incipiet</span> <span class='ocrx_word' id='word_1_83' title='bbox 552 1606 809 1674; x_wconf 86' lang='lat' dir='ltr'>hebdomadarius,</span> <span class='ocrx_word' id='word_1_84' title='bbox 829 1614 917 1680; x_wconf 87' lang='lat' dir='ltr'>prout</span> <span class='ocrx_word' id='word_1_85' title='bbox 933 1609 969 1665; x_wconf 92' lang='lat' dir='ltr'>de</span> <span class='ocrx_word' id='word_1_86' title='bbox 988 1611 1055 1666; x_wconf 89' lang='lat' dir='ltr'>aliis</span> <span class='ocrx_word' id='word_1_87' title='bbox 1074 1612 1211 1683; x_wconf 85' lang='lat' dir='ltr'>superius</span> <span class='ocrx_word' id='word_1_88' title='bbox 1229 1617 1272 1665; x_wconf 88' lang='lat' dir='ltr'>est</span> 
     </span>
     <span class='ocr_line' id='line_1_12' title="bbox 228 1691 1271 1766; baseline -0.001 -17"><span class='ocrx_word' id='word_1_89' title='bbox 228 1697 247 1721; x_wconf 92' lang='lat'><strong>“</strong></span> <span class='ocrx_word' id='word_1_90' title='bbox 266 1698 409 1749; x_wconf 85' lang='lat' dir='ltr'>notatum.</span> <span class='ocrx_word' id='word_1_91' title='bbox 453 1691 562 1746; x_wconf 79' lang='lat' dir='ltr'>Finitis</span> <span class='ocrx_word' id='word_1_92' title='bbox 592 1709 663 1746; x_wconf 83' lang='lat' dir='ltr'>vcro</span> <span class='ocrx_word' id='word_1_93' title='bbox 691 1691 835 1763; x_wconf 85' lang='lat' dir='ltr'>Vesperis</span> <span class='ocrx_word' id='word_1_94' title='bbox 866 1699 897 1749; x_wconf 90' lang='lat' dir='ltr'>et</span> <span class='ocrx_word' id='word_1_95' title='bbox 920 1693 1128 1766; x_wconf 71' lang='lat' dir='ltr'>completorio,</span> <span class='ocrx_word' id='word_1_96' title='bbox 1164 1694 1271 1766; x_wconf 86' lang='lat' dir='ltr'>absque</span> 
     </span>
     <span class='ocr_line' id='line_1_13' title="bbox 227 1774 1272 1844; baseline 0.002 -13"><span class='ocrx_word' id='word_1_97' title='bbox 227 1776 404 1838; x_wconf 87' lang='lat' dir='ltr'>“indebitis</span> <span class='ocrx_word' id='word_1_98' title='bbox 429 1774 604 1832; x_wconf 84' lang='lat' dir='ltr'>stationibus</span> <span class='ocrx_word' id='word_1_99' title='bbox 624 1776 656 1829; x_wconf 91' lang='lat' dir='ltr'>in</span> <span class='ocrx_word' id='word_1_100' title='bbox 673 1775 779 1830; x_wconf 87' lang='lat' dir='ltr'>itinere</span> <span class='ocrx_word' id='word_1_101' title='bbox 798 1777 950 1842; x_wconf 85' lang='lat' dir='ltr'>iaciendis,</span> <span class='ocrx_word' id='word_1_102' title='bbox 971 1797 1080 1844; x_wconf 90' lang='lat' dir='ltr'>omnes,</span> <span class='ocrx_word' id='word_1_103' title='bbox 1101 1788 1161 1836; x_wconf 90' lang='lat' dir='ltr'>tam</span> <span class='ocrx_word' id='word_1_104' title='bbox 1181 1797 1272 1835; x_wconf 76' lang='lat' dir='ltr'>sacer-</span> 
     </span>
     <span class='ocr_line' id='line_1_14' title="bbox 228 1858 1271 1933; baseline 0.001 -16"><span class='ocrx_word' id='word_1_105' title='bbox 228 1864 247 1888; x_wconf 90' lang='lat'><strong>“</strong></span> <span class='ocrx_word' id='word_1_106' title='bbox 266 1861 348 1917; x_wconf 88' lang='lat' dir='ltr'>dotes</span> <span class='ocrx_word' id='word_1_107' title='bbox 368 1878 456 1931; x_wconf 91' lang='lat' dir='ltr'>quam</span> <span class='ocrx_word' id='word_1_108' title='bbox 473 1860 592 1932; x_wconf 81' lang='lat' dir='ltr'>leprosi,</span> <span class='ocrx_word' id='word_1_109' title='bbox 613 1858 650 1914; x_wconf 83' lang='lat' dir='ltr'>sd</span> <span class='ocrx_word' id='word_1_110' title='bbox 669 1877 722 1914; x_wconf 87' lang='lat' dir='ltr'>sua</span> <span class='ocrx_word' id='word_1_111' title='bbox 740 1859 867 1933; x_wconf 85' lang='lat' dir='ltr'>hospitia</span> <span class='ocrx_word' id='word_1_112' title='bbox 885 1869 1078 1920; x_wconf 83' lang='lat' dir='ltr'>revertantur.</span> <span class='ocrx_word' id='word_1_113' title='bbox 1116 1865 1153 1919; x_wconf 86' lang='lat' dir='ltr'>Iu</span> <span class='ocrx_word' id='word_1_114' title='bbox 1171 1864 1271 1918; x_wconf 90' lang='lat' dir='ltr'>diebus</span> 
     </span>
     <span class='ocr_line' id='line_1_15' title="bbox 227 1942 1272 2014; baseline 0.003 -15"><span class='ocrx_word' id='word_1_115' title='bbox 227 1949 246 1974; x_wconf 90' lang='grc'>“</span> <span class='ocrx_word' id='word_1_116' title='bbox 266 1945 428 2000; x_wconf 82' lang='lat' dir='ltr'>Dominicis</span> <span class='ocrx_word' id='word_1_117' title='bbox 447 1950 477 1999; x_wconf 92' lang='lat' dir='ltr'>et</span> <span class='ocrx_word' id='word_1_118' title='bbox 494 1943 591 1998; x_wconf 84' lang='lat' dir='ltr'>Festis</span> <span class='ocrx_word' id='word_1_119' title='bbox 610 1942 786 2014; x_wconf 80' lang='lat' dir='ltr'>duplicibus,</span> <span class='ocrx_word' id='word_1_120' title='bbox 807 1943 904 2001; x_wconf 86' lang='lat' dir='ltr'>dicant</span> <span class='ocrx_word' id='word_1_121' title='bbox 917 1948 1081 2003; x_wconf 87' lang='lat' dir='ltr'>sacerdotes</span> <span class='ocrx_word' id='word_1_122' title='bbox 1100 1949 1131 2002; x_wconf 92' lang='lat' dir='ltr'>in</span> <span class='ocrx_word' id='word_1_123' title='bbox 1150 1947 1272 2003; x_wconf 87' lang='lat' dir='ltr'>ecclesis</span> 
     </span>
     <span class='ocr_line' id='line_1_16' title="bbox 227 2027 1270 2103; baseline 0.002 -19"><span class='ocrx_word' id='word_1_124' title='bbox 227 2033 246 2056; x_wconf 86' lang='lat'>“</span> <span class='ocrx_word' id='word_1_125' title='bbox 266 2047 364 2084; x_wconf 90' lang='lat' dir='ltr'>omnes</span> <span class='ocrx_word' id='word_1_126' title='bbox 391 2029 488 2083; x_wconf 82' lang='lat' dir='ltr'>Horas</span> <span class='ocrx_word' id='word_1_127' title='bbox 518 2027 688 2092; x_wconf 75' lang='lat' dir='ltr'>canonicas,</span> <span class='ocrx_word' id='word_1_128' title='bbox 717 2029 892 2101; x_wconf 70' lang='lat' dir='ltr'>prasertim,</span> <span class='ocrx_word' id='word_1_129' title='bbox 918 2030 1087 2095; x_wconf 71' lang='lat' dir='ltr'>Matutinus,</span> <span class='ocrx_word' id='word_1_130' title='bbox 1113 2031 1270 2103; x_wconf 85' lang='lat' dir='ltr'>Vesperas,</span> 
     </span>
     <span class='ocr_line' id='line_1_17' title="bbox 227 2111 1271 2187; baseline 0.003 -20"><span class='ocrx_word' id='word_1_131' title='bbox 227 2116 246 2140; x_wconf 83' lang='lat'>⁴‘</span> <span class='ocrx_word' id='word_1_132' title='bbox 266 2117 296 2168; x_wconf 88' lang='lat' dir='ltr'>et</span> <span class='ocrx_word' id='word_1_133' title='bbox 314 2111 564 2183; x_wconf 80' lang='lat' dir='ltr'>Completorium3</span> <span class='ocrx_word' id='word_1_134' title='bbox 592 2117 622 2166; x_wconf 88' lang='lat' dir='ltr'>et</span> <span class='ocrx_word' id='word_1_135' title='bbox 640 2111 739 2176; x_wconf 89' lang='lat' dir='ltr'>etiam,</span> <span class='ocrx_word' id='word_1_136' title='bbox 760 2112 882 2168; x_wconf 82' lang='lat' dir='ltr'>Missum</span> <span class='ocrx_word' id='word_1_137' title='bbox 901 2132 969 2169; x_wconf 90' lang='lat' dir='ltr'>cum</span> <span class='ocrx_word' id='word_1_138' title='bbox 987 2122 1064 2171; x_wconf 89' lang='lat' dir='ltr'>nota.</span> <span class='ocrx_word' id='word_1_139' title='bbox 1102 2115 1139 2169; x_wconf 93' lang='lat' dir='ltr'>In</span> <span class='ocrx_word' id='word_1_140' title='bbox 1157 2116 1271 2187; x_wconf 79' lang='lat' dir='ltr'>magnis</span> 
     </span>
     <span class='ocr_line' id='line_1_18' title="bbox 227 2195 1269 2268; baseline 0.003 -17"><span class='ocrx_word' id='word_1_141' title='bbox 227 2200 245 2225; x_wconf 83' lang='lat'>&#39;⁴</span> <span class='ocrx_word' id='word_1_142' title='bbox 265 2195 431 2268; x_wconf 89' lang='lat' dir='ltr'>duplicibus</span> <span class='ocrx_word' id='word_1_143' title='bbox 450 2195 557 2259; x_wconf 69' lang='lat' dir='ltr'>Pestis,</span> <span class='ocrx_word' id='word_1_144' title='bbox 572 2200 616 2259; x_wconf 91' lang='lat' dir='ltr'>ut,</span> <span class='ocrx_word' id='word_1_145' title='bbox 630 2200 711 2266; x_wconf 90' lang='lat' dir='ltr'>puta,</span> <span class='ocrx_word' id='word_1_146' title='bbox 725 2195 757 2249; x_wconf 93' lang='lat' dir='ltr'>in</span> <span class='ocrx_word' id='word_1_147' title='bbox 776 2196 872 2252; x_wconf 74' lang='lat' dir='ltr'>Pestis</span> <span class='ocrx_word' id='word_1_148' title='bbox 891 2197 1007 2254; x_wconf 76' lang='lat' dir='ltr'>Natalis</span> <span class='ocrx_word' id='word_1_149' title='bbox 1020 2199 1148 2263; x_wconf 91' lang='lat' dir='ltr'>Domini,</span> <span class='ocrx_word' id='word_1_150' title='bbox 1164 2198 1269 2259; x_wconf 80' lang='lat' dir='ltr'>Ooenae,</span> 
     </span>
     <span class='ocr_line' id='line_1_19' title="bbox 227 2277 1271 2347; baseline 0.001 -12"><span class='ocrx_word' id='word_1_151' title='bbox 227 2285 246 2308; x_wconf 88' lang='grc'><em>“</em></span> <span class='ocrx_word' id='word_1_152' title='bbox 266 2280 455 2344; x_wconf 86' lang='lat' dir='ltr'>Parasceues,</span> <span class='ocrx_word' id='word_1_153' title='bbox 475 2279 607 2343; x_wconf 73' lang='lat' dir='ltr'>Paschae,</span> <span class='ocrx_word' id='word_1_154' title='bbox 632 2277 831 2343; x_wconf 81' lang='lat' dir='ltr'>Ascensionis,</span> <span class='ocrx_word' id='word_1_155' title='bbox 854 2280 1052 2347; x_wconf 85' lang='lat' dir='ltr'>Pentecostes,</span> <span class='ocrx_word' id='word_1_156' title='bbox 1073 2290 1103 2338; x_wconf 91' lang='lat' dir='ltr'>et</span> <span class='ocrx_word' id='word_1_157' title='bbox 1121 2282 1189 2338; x_wconf 89' lang='lat' dir='ltr'>aliis</span> <span class='ocrx_word' id='word_1_158' title='bbox 1207 2300 1271 2337; x_wconf 88' lang='lat' dir='ltr'>con-</span> 
     </span>
     <span class='ocr_line' id='line_1_20' title="bbox 226 2364 1268 2432; baseline 0.003 -13"><span class='ocrx_word' id='word_1_159' title='bbox 226 2367 246 2391; x_wconf 83' lang='lat'>‘¹</span> <span class='ocrx_word' id='word_1_160' title='bbox 266 2365 422 2429; x_wconf 88' lang='lat' dir='ltr'>similibus,</span> <span class='ocrx_word' id='word_1_161' title='bbox 443 2364 541 2418; x_wconf 91' lang='lat' dir='ltr'>dicant</span> <span class='ocrx_word' id='word_1_162' title='bbox 558 2368 652 2419; x_wconf 88' lang='lat' dir='ltr'>totum</span> <span class='ocrx_word' id='word_1_163' title='bbox 671 2364 798 2418; x_wconf 91' lang='lat' dir='ltr'>officium</span> <span class='ocrx_word' id='word_1_164' title='bbox 811 2365 892 2419; x_wconf 84' lang='lat' dir='ltr'>Festi</span> <span class='ocrx_word' id='word_1_165' title='bbox 911 2366 1089 2431; x_wconf 85' lang='lat' dir='ltr'>solemniter,</span> <span class='ocrx_word' id='word_1_166' title='bbox 1104 2385 1172 2422; x_wconf 90' lang='lat' dir='ltr'>cum</span> <span class='ocrx_word' id='word_1_167' title='bbox 1183 2372 1268 2432; x_wconf 70' lang='lat' dir='ltr'>nota,</span> 
     </span>
     <span class='ocr_line' id='line_1_21' title="bbox 227 2446 1270 2521; baseline 0 -17"><span class='ocrx_word' id='word_1_168' title='bbox 227 2451 246 2477; x_wconf 88' lang='lat'>“</span> <span class='ocrx_word' id='word_1_169' title='bbox 265 2455 353 2521; x_wconf 88' lang='lat' dir='ltr'>prout</span> <span class='ocrx_word' id='word_1_170' title='bbox 370 2447 530 2504; x_wconf 89' lang='lat' dir='ltr'>secundum</span> <span class='ocrx_word' id='word_1_171' title='bbox 554 2465 639 2502; x_wconf 88' lang='lat' dir='ltr'>usum</span> <span class='ocrx_word' id='word_1_172' title='bbox 665 2446 780 2513; x_wconf 85' lang='lat' dir='ltr'>Sarum,</span> <span class='ocrx_word' id='word_1_173' title='bbox 802 2466 859 2520; x_wconf 92' lang='lat' dir='ltr'>quo</span> <span class='ocrx_word' id='word_1_174' title='bbox 877 2450 921 2503; x_wconf 92' lang='lat' dir='ltr'>uti</span> <span class='ocrx_word' id='word_1_175' title='bbox 938 2449 1053 2514; x_wconf 85' lang='lat' dir='ltr'>debent,</span> <span class='ocrx_word' id='word_1_176' title='bbox 1079 2449 1270 2506; x_wconf 89' lang='lat' dir='ltr'>solemnitati·</span> 
     </span>
     <span class='ocr_line' id='line_1_22' title="bbox 226 2530 1270 2603; baseline 0.002 -16"><span class='ocrx_word' id='word_1_177' title='bbox 226 2536 245 2560; x_wconf 80' lang='lat'>⁴⁴</span> <span class='ocrx_word' id='word_1_178' title='bbox 264 2533 319 2589; x_wconf 91' lang='lat' dir='ltr'>bus</span> <span class='ocrx_word' id='word_1_179' title='bbox 334 2530 502 2603; x_wconf 85' lang='lat' dir='ltr'>hujusmodi</span> <span class='ocrx_word' id='word_1_180' title='bbox 515 2531 670 2586; x_wconf 81' lang='lat' dir='ltr'>Festorum</span> <span class='ocrx_word' id='word_1_181' title='bbox 682 2531 816 2586; x_wconf 87' lang='lat' dir='ltr'>noverint</span> <span class='ocrx_word' id='word_1_182' title='bbox 827 2533 990 2588; x_wconf 86' lang='lat' dir='ltr'>convenire.</span> <span class='ocrx_word' id='word_1_183' title='bbox 1028 2533 1116 2597; x_wconf 89' lang='lat' dir='ltr'>Item,</span> <span class='ocrx_word' id='word_1_184' title='bbox 1131 2535 1162 2589; x_wconf 92' lang='lat' dir='ltr'>in</span> <span class='ocrx_word' id='word_1_185' title='bbox 1174 2534 1270 2590; x_wconf 74' lang='lat' dir='ltr'>Pestis</span> 
     </span>
     <span class='ocr_line' id='line_1_23' title="bbox 227 2614 1270 2686; baseline 0.003 -15"><span class='ocrx_word' id='word_1_186' title='bbox 227 2619 245 2643; x_wconf 85' lang='lat'>‘¹</span> <span class='ocrx_word' id='word_1_187' title='bbox 267 2615 366 2671; x_wconf 88' lang='lat' dir='ltr'>Sancti</span> <span class='ocrx_word' id='word_1_188' title='bbox 391 2615 508 2678; x_wconf 79' lang='lat' dir='ltr'>Albani,</span> <span class='ocrx_word' id='word_1_189' title='bbox 529 2614 629 2669; x_wconf 83' lang='lat' dir='ltr'>Sancti</span> <span class='ocrx_word' id='word_1_190' title='bbox 656 2614 798 2669; x_wconf 88' lang='lat' dir='ltr'>Johannis</span> <span class='ocrx_word' id='word_1_191' title='bbox 824 2615 975 2686; x_wconf 68' lang='lat' dir='ltr'>Baptistae,</span> <span class='ocrx_word' id='word_1_192' title='bbox 1005 2623 1035 2673; x_wconf 90' lang='lat' dir='ltr'>et</span> <span class='ocrx_word' id='word_1_193' title='bbox 1059 2618 1270 2674; x_wconf 74' lang='lat' dir='ltr'>&#39;lb-anslationis</span> 
     </span>
     <span class='ocr_line' id='line_1_24' title="bbox 227 2697 1270 2771; baseline 0.003 -17"><span class='ocrx_word' id='word_1_194' title='bbox 227 2699 365 2754; x_wconf 88' lang='lat' dir='ltr'>“Sancti</span> <span class='ocrx_word' id='word_1_195' title='bbox 401 2698 520 2752; x_wconf 83' lang='lat' dir='ltr'>Thomae</span> <span class='ocrx_word' id='word_1_196' title='bbox 549 2697 701 2768; x_wconf 86' lang='lat' dir='ltr'>Martyris,</span> <span class='ocrx_word' id='word_1_197' title='bbox 734 2704 854 2771; x_wconf 87' lang='lat' dir='ltr'>propter</span> <span class='ocrx_word' id='word_1_198' title='bbox 887 2701 1060 2757; x_wconf 83' lang='lat' dir='ltr'>brevitatem</span> <span class='ocrx_word' id='word_1_199' title='bbox 1095 2701 1211 2757; x_wconf 86' lang='lat' dir='ltr'>dierum</span> <span class='ocrx_word' id='word_1_200' title='bbox 1240 2704 1270 2757; x_wconf 91' lang='lat' dir='ltr'>in</span> 
     </span>
     <span class='ocr_line' id='line_1_25' title="bbox 226 2781 1270 2855; baseline 0.004 -17"><span class='ocrx_word' id='word_1_201' title='bbox 226 2788 246 2812; x_wconf 80' lang='lat'>‘⁴</span> <span class='ocrx_word' id='word_1_202' title='bbox 265 2783 371 2855; x_wconf 91' lang='lat' dir='ltr'>quibus</span> <span class='ocrx_word' id='word_1_203' title='bbox 384 2782 567 2854; x_wconf 78' lang='lat' dir='ltr'>contingunt,</span> <span class='ocrx_word' id='word_1_204' title='bbox 577 2781 675 2838; x_wconf 88' lang='lat' dir='ltr'>dicant</span> <span class='ocrx_word' id='word_1_205' title='bbox 687 2784 852 2840; x_wconf 87' lang='lat' dir='ltr'>sacerdotes</span> <span class='ocrx_word' id='word_1_206' title='bbox 870 2784 1043 2841; x_wconf 87' lang='lat' dir='ltr'>Metutiuele</span> <span class='ocrx_word' id='word_1_207' title='bbox 1056 2786 1192 2842; x_wconf 88' lang='lat' dir='ltr'>Officium</span> <span class='ocrx_word' id='word_1_208' title='bbox 1204 2804 1270 2842; x_wconf 91' lang='lat' dir='ltr'>cum</span> 
     </span>
     <span class='ocr_line' id='line_1_26' title="bbox 226 2865 1268 2938; baseline 0.005 -16"><span class='ocrx_word' id='word_1_209' title='bbox 226 2871 245 2896; x_wconf 88' lang='lat'>“</span> <span class='ocrx_word' id='word_1_210' title='bbox 264 2873 342 2931; x_wconf 86' lang='lat' dir='ltr'>nota,</span> <span class='ocrx_word' id='word_1_211' title='bbox 368 2868 427 2923; x_wconf 91' lang='lat' dir='ltr'>cito</span> <span class='ocrx_word' id='word_1_212' title='bbox 445 2873 512 2938; x_wconf 90' lang='lat' dir='ltr'>post</span> <span class='ocrx_word' id='word_1_213' title='bbox 537 2865 767 2938; x_wconf 73' lang='lat' dir='ltr'>completorium</span> <span class='ocrx_word' id='word_1_214' title='bbox 786 2869 984 2927; x_wconf 88' lang='lat' dir='ltr'>terminatum.</span> <span class='ocrx_word' id='word_1_215' title='bbox 1022 2871 1098 2926; x_wconf 90' lang='lat' dir='ltr'>Item</span> <span class='ocrx_word' id='word_1_216' title='bbox 1123 2872 1268 2936; x_wconf 84' lang='lat' dir='ltr'>volumus,</span> 
     </span>
     <span class='ocr_line' id='line_1_27' title="bbox 225 2949 1268 3027; baseline 0.004 -20"><span class='ocrx_word' id='word_1_217' title='bbox 225 2956 244 2981; x_wconf 91' lang='lat'>“</span> <span class='ocrx_word' id='word_1_218' title='bbox 265 2952 343 3023; x_wconf 92' lang='lat' dir='ltr'>quod</span> <span class='ocrx_word' id='word_1_219' title='bbox 372 2970 447 3007; x_wconf 90' lang='lat' dir='ltr'>unus</span> <span class='ocrx_word' id='word_1_220' title='bbox 478 2951 569 3005; x_wconf 87' lang='lat' dir='ltr'>frater</span> <span class='ocrx_word' id='word_1_221' title='bbox 600 2949 745 3016; x_wconf 85' lang='lat' dir='ltr'>sacerdos,</span> <span class='ocrx_word' id='word_1_222' title='bbox 767 2953 818 3022; x_wconf 90' lang='lat' dir='ltr'>qui</span> <span class='ocrx_word' id='word_1_223' title='bbox 844 2952 880 3006; x_wconf 86' lang='lat' dir='ltr'>ad</span> <span class='ocrx_word' id='word_1_224' title='bbox 906 2953 960 3009; x_wconf 92' lang='lat' dir='ltr'>hoc</span> <span class='ocrx_word' id='word_1_225' title='bbox 988 2954 1078 3010; x_wconf 86' lang='lat' dir='ltr'>fuerit</span> <span class='ocrx_word' id='word_1_226' title='bbox 1103 2955 1268 3027; x_wconf 89' lang='lat' dir='ltr'>deputatus,</span> 
     </span>
     <span class='ocr_line' id='line_1_28' title="bbox 226 3034 1268 3110; baseline 0.003 -18"><span class='ocrx_word' id='word_1_227' title='bbox 226 3040 244 3065; x_wconf 76' lang='lat'>‘⁴</span> <span class='ocrx_word' id='word_1_228' title='bbox 264 3037 392 3093; x_wconf 82' lang='lat' dir='ltr'>celebret</span> <span class='ocrx_word' id='word_1_229' title='bbox 410 3035 536 3105; x_wconf 85' lang='lat' dir='ltr'>singulis</span> <span class='ocrx_word' id='word_1_230' title='bbox 550 3034 663 3098; x_wconf 87' lang='lat' dir='ltr'>diebus,</span> <span class='ocrx_word' id='word_1_231' title='bbox 684 3035 784 3105; x_wconf 87' lang='lat' dir='ltr'>aliqua</span> <span class='ocrx_word' id='word_1_232' title='bbox 801 3036 874 3090; x_wconf 89' lang='lat' dir='ltr'>hora</span> <span class='ocrx_word' id='word_1_233' title='bbox 895 3036 954 3092; x_wconf 86' lang='lat' dir='ltr'>diei</span> <span class='ocrx_word' id='word_1_234' title='bbox 967 3037 1004 3092; x_wconf 84' lang='lat' dir='ltr'>ad</span> <span class='ocrx_word' id='word_1_235' title='bbox 1017 3039 1072 3093; x_wconf 92' lang='lat' dir='ltr'>hoc</span> <span class='ocrx_word' id='word_1_236' title='bbox 1084 3039 1180 3110; x_wconf 84' lang='lat' dir='ltr'>megia</span> <span class='ocrx_word' id='word_1_237' title='bbox 1193 3046 1268 3110; x_wconf 81' lang='lat' dir='ltr'>apte,</span> 
     </span>
     <span class='ocr_line' id='line_1_29' title="bbox 226 3119 1270 3191; baseline 0.002 -14"><span class='ocrx_word' id='word_1_238' title='bbox 226 3125 244 3148; x_wconf 89' lang='lat'>“</span> <span class='ocrx_word' id='word_1_239' title='bbox 265 3121 424 3177; x_wconf 90' lang='lat' dir='ltr'>secundum</span> <span class='ocrx_word' id='word_1_240' title='bbox 443 3119 665 3191; x_wconf 87' lang='lat' dir='ltr'>dispositionem</span> <span class='ocrx_word' id='word_1_241' title='bbox 683 3120 834 3190; x_wconf 83' lang='lat' dir='ltr'>Magistri,</span> <span class='ocrx_word' id='word_1_242' title='bbox 855 3139 908 3190; x_wconf 91' lang='lat' dir='ltr'>pro</span> <span class='ocrx_word' id='word_1_243' title='bbox 927 3122 1062 3178; x_wconf 90' lang='lat' dir='ltr'>omnibus</span> <span class='ocrx_word' id='word_1_244' title='bbox 1080 3124 1270 3179; x_wconf 81' lang='lat' dir='ltr'>benefactori·</span> 
     </span>
     <span class='ocr_line' id='line_1_30' title="bbox 226 3201 1269 3277; baseline 0.003 -16"><span class='ocrx_word' id='word_1_245' title='bbox 226 3209 245 3233; x_wconf 87' lang='lat'>“</span> <span class='ocrx_word' id='word_1_246' title='bbox 263 3207 319 3261; x_wconf 89' lang='lat' dir='ltr'>bus</span> <span class='ocrx_word' id='word_1_247' title='bbox 339 3203 486 3262; x_wconf 85' lang='lat' dir='ltr'>defunctis</span> <span class='ocrx_word' id='word_1_248' title='bbox 511 3201 684 3257; x_wconf 87' lang='lat' dir='ltr'>Monasterii</span> <span class='ocrx_word' id='word_1_249' title='bbox 711 3204 806 3258; x_wconf 87' lang='lat' dir='ltr'>nostri</span> <span class='ocrx_word' id='word_1_250' title='bbox 824 3209 855 3258; x_wconf 92' lang='lat' dir='ltr'>et</span> <span class='ocrx_word' id='word_1_251' title='bbox 872 3203 944 3259; x_wconf 86' lang='lat' dir='ltr'>dicti</span> <span class='ocrx_word' id='word_1_252' title='bbox 963 3205 1127 3277; x_wconf 77' lang='lat' dir='ltr'>hospitalia,</span> <span class='ocrx_word' id='word_1_253' title='bbox 1148 3207 1269 3264; x_wconf 81' lang='lat' dir='ltr'>Missam</span> 
     </span>
     <span class='ocr_line' id='line_1_31' title="bbox 226 3286 840 3354; baseline -0.007 -8"><span class='ocrx_word' id='word_1_254' title='bbox 226 3294 244 3318; x_wconf 75' lang='lat'>‘⁸</span> <span class='ocrx_word' id='word_1_255' title='bbox 265 3291 328 3346; x_wconf 89' lang='lat' dir='ltr'>sine</span> <span class='ocrx_word' id='word_1_256' title='bbox 346 3304 423 3354; x_wconf 85' lang='lat' dir='ltr'>nota,</span> <span class='ocrx_word' id='word_1_257' title='bbox 444 3288 480 3343; x_wconf 90' lang='lat' dir='ltr'>de</span> <span class='ocrx_word' id='word_1_258' title='bbox 499 3287 600 3343; x_wconf 89' lang='lat' dir='ltr'>Officio</span> <span class='ocrx_word' id='word_1_259' title='bbox 619 3286 840 3343; x_wconf 82' lang='lat' dir='ltr'>Defunctcrum.</span> 
     </span>
    </p>
   </div>
   <div class='ocr_carea' id='block_1_3' title="bbox 237 3561 1248 3648">
    <p class='ocr_par' dir='ltr' id='par_1_3' title="bbox 237 3561 1248 3648">
     <span class='ocr_line' id='line_1_32' title="bbox 237 3561 1248 3648; baseline 0.003 -20"><span class='ocrx_word' id='word_1_260' title='bbox 237 3564 287 3628; x_wconf 87' lang='lat' dir='ltr'>De</span> <span class='ocrx_word' id='word_1_261' title='bbox 313 3562 564 3629; x_wconf 76' lang='lat' dir='ltr'>iatabulcta&#39;oae</span> <span class='ocrx_word' id='word_1_262' title='bbox 591 3562 755 3628; x_wconf 62' lang='lat' dir='ltr'>Erotium</span> <span class='ocrx_word' id='word_1_263' title='bbox 783 3561 825 3625; x_wconf 75' lang='lat' dir='ltr'>te</span> <span class='ocrx_word' id='word_1_264' title='bbox 850 3562 1027 3648; x_wconf 74' lang='lat' dir='ltr'>presecutio</span> <span class='ocrx_word' id='word_1_265' title='bbox 1053 3565 1248 3631; x_wconf 76' lang='lat' dir='ltr'>eorundem,</span> 
     </span>
    </p>
   </div>
   <div class='ocr_carea' id='block_1_4' title="bbox 127 3715 1268 4463">
    <p class='ocr_par' dir='ltr' id='par_1_4' title="bbox 260 3715 1267 3790">
     <span class='ocr_line' id='line_1_33' title="bbox 260 3715 1267 3790; baseline 0.002 -18"><span class='ocrx_word' id='word_1_266' title='bbox 260 3721 278 3745; x_wconf 84' lang='lat'>‘¹</span> <span class='ocrx_word' id='word_1_267' title='bbox 298 3716 339 3772; x_wconf 92' lang='lat' dir='ltr'>Ut</span> <span class='ocrx_word' id='word_1_268' title='bbox 350 3715 433 3772; x_wconf 87' lang='lat' dir='ltr'>labor</span> <span class='ocrx_word' id='word_1_269' title='bbox 444 3717 521 3771; x_wconf 88' lang='lat' dir='ltr'>inter</span> <span class='ocrx_word' id='word_1_270' title='bbox 533 3717 639 3771; x_wconf 86' lang='lat' dir='ltr'>fratres</span> <span class='ocrx_word' id='word_1_271' title='bbox 652 3717 762 3787; x_wconf 91' lang='lat' dir='ltr'>absque</span> <span class='ocrx_word' id='word_1_272' title='bbox 774 3734 925 3771; x_wconf 87' lang='lat' dir='ltr'>murmure</span> <span class='ocrx_word' id='word_1_273' title='bbox 938 3717 1055 3772; x_wconf 79' lang='lat' dir='ltr'>facilins</span> <span class='ocrx_word' id='word_1_274' title='bbox 1069 3726 1267 3790; x_wconf 83' lang='lat' dir='ltr'>supportetur,</span> 
     </span>
    </p>

    <p class='ocr_par' dir='ltr' id='par_1_5' title="bbox 127 3799 1267 3947">
     <span class='ocr_line' id='line_1_34' title="bbox 127 3799 1266 3875; baseline 0 -16"><span class='ocrx_word' id='word_1_275' title='bbox 127 3864 133 3875; x_wconf 54' lang='lat'>‚</span> <span class='ocrx_word' id='word_1_276' title='bbox 224 3806 242 3831; x_wconf 75' lang='lat'>‘⁴</span> <span class='ocrx_word' id='word_1_277' title='bbox 263 3801 430 3866; x_wconf 86' lang='lat' dir='ltr'>statuimus,</span> <span class='ocrx_word' id='word_1_278' title='bbox 459 3818 493 3855; x_wconf 86' lang='lat' dir='ltr'>ac</span> <span class='ocrx_word' id='word_1_279' title='bbox 532 3799 621 3855; x_wconf 88' lang='lat' dir='ltr'>etiam</span> <span class='ocrx_word' id='word_1_280' title='bbox 660 3799 839 3863; x_wconf 89' lang='lat' dir='ltr'>ordinamus,</span> <span class='ocrx_word' id='word_1_281' title='bbox 874 3805 908 3854; x_wconf 91' lang='lat' dir='ltr'>ut</span> <span class='ocrx_word' id='word_1_282' title='bbox 944 3800 1052 3856; x_wconf 81' lang='lat' dir='ltr'>fratres</span> <span class='ocrx_word' id='word_1_283' title='bbox 1091 3802 1266 3868; x_wconf 87' lang='lat' dir='ltr'>secerdotes,</span> 
     </span>
     <span class='ocr_line' id='line_1_35' title="bbox 223 3881 1267 3947; baseline -0.002 -3"><span class='ocrx_word' id='word_1_284' title='bbox 223 3890 243 3915; x_wconf 94' lang='lat'>“</span> <span class='ocrx_word' id='word_1_285' title='bbox 264 3885 425 3945; x_wconf 88' lang='lat' dir='ltr'>secundum</span> <span class='ocrx_word' id='word_1_286' title='bbox 444 3901 563 3938; x_wconf 85' lang='lat' dir='ltr'>cursum</span> <span class='ocrx_word' id='word_1_287' title='bbox 582 3900 678 3947; x_wconf 90' lang='lat' dir='ltr'>suum,</span> <span class='ocrx_word' id='word_1_288' title='bbox 698 3882 736 3937; x_wconf 86' lang='lat' dir='ltr'>ad</span> <span class='ocrx_word' id='word_1_289' title='bbox 753 3881 913 3938; x_wconf 84' lang='lat' dir='ltr'>Matutinus</span> <span class='ocrx_word' id='word_1_290' title='bbox 932 3890 963 3939; x_wconf 90' lang='lat' dir='ltr'>et</span> <span class='ocrx_word' id='word_1_291' title='bbox 981 3883 1054 3939; x_wconf 84' lang='lat' dir='ltr'>elias</span> <span class='ocrx_word' id='word_1_292' title='bbox 1067 3885 1165 3941; x_wconf 88' lang='lat' dir='ltr'>Horas</span> <span class='ocrx_word' id='word_1_293' title='bbox 1184 3905 1267 3942; x_wconf 86' lang='lat' dir='ltr'>cano·</span> 
     </span>
    </p>

    <p class='ocr_par' dir='ltr' id='par_1_6' title="bbox 223 3967 1268 4042">
     <span class='ocr_line' id='line_1_36' title="bbox 223 3967 1268 4042; baseline -0.003 -15"><span class='ocrx_word' id='word_1_294' title='bbox 223 3976 242 4000; x_wconf 90' lang='lat'><strong>“</strong></span> <span class='ocrx_word' id='word_1_295' title='bbox 261 3972 352 4035; x_wconf 88' lang='lat' dir='ltr'>nicas,</span> <span class='ocrx_word' id='word_1_296' title='bbox 372 3977 403 4025; x_wconf 90' lang='lat' dir='ltr'>et</span> <span class='ocrx_word' id='word_1_297' title='bbox 426 3968 534 4024; x_wconf 87' lang='lat' dir='ltr'>Missas</span> <span class='ocrx_word' id='word_1_298' title='bbox 562 3967 703 4031; x_wconf 85' lang='lat' dir='ltr'>diversas,</span> <span class='ocrx_word' id='word_1_299' title='bbox 725 3970 757 4020; x_wconf 89' lang='lat' dir='ltr'>ut</span> <span class='ocrx_word' id='word_1_300' title='bbox 775 3967 974 4037; x_wconf 75' lang='lat' dir='ltr'>praemittitur,</span> <span class='ocrx_word' id='word_1_301' title='bbox 996 3968 1194 4035; x_wconf 86' lang='lat' dir='ltr'>celebrandas,</span> <span class='ocrx_word' id='word_1_302' title='bbox 1215 3989 1268 4042; x_wconf 88' lang='lat' dir='ltr'>per</span> 
     </span>
    </p>

    <p class='ocr_par' dir='ltr' id='par_1_7' title="bbox 222 4050 1267 4128">
     <span class='ocr_line' id='line_1_37' title="bbox 222 4050 1267 4128; baseline -0.002 -16"><span class='ocrx_word' id='word_1_303' title='bbox 222 4061 241 4085; x_wconf 90' lang='lat'><strong>“</strong></span> <span class='ocrx_word' id='word_1_304' title='bbox 261 4057 401 4128; x_wconf 84' lang='lat' dir='ltr'>aliquem,</span> <span class='ocrx_word' id='word_1_305' title='bbox 429 4052 480 4125; x_wconf 93' lang='lat' dir='ltr'>qui</span> <span class='ocrx_word' id='word_1_306' title='bbox 507 4070 560 4125; x_wconf 88' lang='lat' dir='ltr'>per</span> <span class='ocrx_word' id='word_1_307' title='bbox 584 4051 764 4121; x_wconf 82' lang='lat' dir='ltr'>Magistrum</span> <span class='ocrx_word' id='word_1_308' title='bbox 790 4050 827 4105; x_wconf 87' lang='lat' dir='ltr'>ed</span> <span class='ocrx_word' id='word_1_309' title='bbox 854 4050 908 4105; x_wconf 89' lang='lat' dir='ltr'>hoc</span> <span class='ocrx_word' id='word_1_310' title='bbox 936 4051 1025 4105; x_wconf 82' lang='lat' dir='ltr'>fuerit</span> <span class='ocrx_word' id='word_1_311' title='bbox 1052 4053 1220 4125; x_wconf 87' lang='lat' dir='ltr'>deputatus,</span> <span class='ocrx_word' id='word_1_312' title='bbox 1238 4055 1267 4108; x_wconf 90' lang='lat' dir='ltr'>in</span> 
     </span>
    </p>

    <p class='ocr_par' dir='ltr' id='par_1_8' title="bbox 221 4135 1267 4205">
     <span class='ocr_line' id='line_1_38' title="bbox 221 4135 1267 4205; baseline -0.004 -9"><span class='ocrx_word' id='word_1_313' title='bbox 221 4144 240 4169; x_wconf 84' lang='lat'>⁴‘</span> <span class='ocrx_word' id='word_1_314' title='bbox 260 4141 360 4196; x_wconf 84' lang='lat' dir='ltr'>tabula</span> <span class='ocrx_word' id='word_1_315' title='bbox 377 4137 616 4201; x_wconf 83' lang='lat' dir='ltr'>conscribantur3</span> <span class='ocrx_word' id='word_1_316' title='bbox 637 4136 773 4205; x_wconf 90' lang='lat' dir='ltr'>quicum</span> <span class='ocrx_word' id='word_1_317' title='bbox 797 4135 953 4190; x_wconf 86' lang='lat' dir='ltr'>intabulati</span> <span class='ocrx_word' id='word_1_318' title='bbox 971 4137 1091 4201; x_wconf 85' lang='lat' dir='ltr'>fuerint,</span> <span class='ocrx_word' id='word_1_319' title='bbox 1112 4138 1207 4193; x_wconf 88' lang='lat' dir='ltr'>officia</span> <span class='ocrx_word' id='word_1_320' title='bbox 1231 4138 1267 4192; x_wconf 88' lang='lat' dir='ltr'>sd</span> 
     </span>
    </p>

    <p class='ocr_par' dir='ltr' id='par_1_9' title="bbox 222 4218 1267 4296">
     <span class='ocr_line' id='line_1_39' title="bbox 222 4218 1267 4296; baseline -0.006 -16"><span class='ocrx_word' id='word_1_321' title='bbox 222 4229 240 4252; x_wconf 90' lang='lat'><strong>“</strong></span> <span class='ocrx_word' id='word_1_322' title='bbox 261 4244 326 4296; x_wconf 80' lang='lat' dir='ltr'>quae</span> <span class='ocrx_word' id='word_1_323' title='bbox 352 4223 461 4279; x_wconf 81' lang='lat' dir='ltr'>fuerint</span> <span class='ocrx_word' id='word_1_324' title='bbox 485 4219 639 4276; x_wconf 84' lang='lat' dir='ltr'>intebulati</span> <span class='ocrx_word' id='word_1_325' title='bbox 659 4219 826 4274; x_wconf 89' lang='lat' dir='ltr'>obedienter</span> <span class='ocrx_word' id='word_1_326' title='bbox 849 4225 878 4273; x_wconf 88' lang='lat' dir='ltr'>et</span> <span class='ocrx_word' id='word_1_327' title='bbox 905 4218 1057 4274; x_wconf 85' lang='lat' dir='ltr'>humiliter</span> <span class='ocrx_word' id='word_1_328' title='bbox 1076 4227 1267 4292; x_wconf 79' lang='lat' dir='ltr'>exequantur.</span> 
     </span>
    </p>

    <p class='ocr_par' dir='ltr' id='par_1_10' title="bbox 221 4302 1265 4375">
     <span class='ocr_line' id='line_1_40' title="bbox 221 4302 1265 4375; baseline 0 -14"><span class='ocrx_word' id='word_1_329' title='bbox 221 4310 240 4335; x_wconf 87' lang='lat'><strong><em>“</em></strong></span> <span class='ocrx_word' id='word_1_330' title='bbox 259 4307 298 4363; x_wconf 77' lang='lat' dir='ltr'>Mt</span> <span class='ocrx_word' id='word_1_331' title='bbox 315 4313 348 4362; x_wconf 91' lang='lat' dir='ltr'>ut</span> <span class='ocrx_word' id='word_1_332' title='bbox 365 4307 496 4362; x_wconf 82' lang='lat' dir='ltr'>divinum</span> <span class='ocrx_word' id='word_1_333' title='bbox 515 4304 640 4360; x_wconf 90' lang='lat' dir='ltr'>officium</span> <span class='ocrx_word' id='word_1_334' title='bbox 660 4305 691 4357; x_wconf 91' lang='lat' dir='ltr'>in</span> <span class='ocrx_word' id='word_1_335' title='bbox 709 4302 787 4358; x_wconf 85' lang='lat' dir='ltr'>diota</span> <span class='ocrx_word' id='word_1_336' title='bbox 814 4302 947 4366; x_wconf 88' lang='lat' dir='ltr'>ecclesia,</span> <span class='ocrx_word' id='word_1_337' title='bbox 977 4303 1062 4373; x_wconf 84' lang='lat' dir='ltr'>juxta</span> <span class='ocrx_word' id='word_1_338' title='bbox 1080 4305 1265 4375; x_wconf 86' lang='lat' dir='ltr'>praemissum</span> 
     </span>
    </p>

    <p class='ocr_par' dir='ltr' id='par_1_11' title="bbox 221 4386 1265 4463">
     <span class='ocr_line' id='line_1_41' title="bbox 221 4386 1265 4463; baseline 0.002 -19"><span class='ocrx_word' id='word_1_339' title='bbox 221 4394 239 4417; x_wconf 89' lang='lat'><strong>“</strong></span> <span class='ocrx_word' id='word_1_340' title='bbox 259 4397 289 4445; x_wconf 92' lang='lat' dir='ltr'>et</span> <span class='ocrx_word' id='word_1_341' title='bbox 318 4391 543 4463; x_wconf 88' lang='lat' dir='ltr'>subsequentem</span> <span class='ocrx_word' id='word_1_342' title='bbox 572 4387 701 4450; x_wconf 90' lang='lat' dir='ltr'>modum,</span> <span class='ocrx_word' id='word_1_343' title='bbox 734 4387 840 4441; x_wconf 87' lang='lat' dir='ltr'>melius</span> <span class='ocrx_word' id='word_1_344' title='bbox 870 4392 901 4441; x_wconf 90' lang='lat' dir='ltr'>et</span> <span class='ocrx_word' id='word_1_345' title='bbox 925 4386 1059 4442; x_wconf 89' lang='lat' dir='ltr'>devotius</span> <span class='ocrx_word' id='word_1_346' title='bbox 1091 4388 1265 4448; x_wconf 86' lang='lat' dir='ltr'>celebretur.</span> 
     </span>
    </p>
   </div>
   <div class='ocr_carea' id='block_1_5' title="bbox 294 4606 1186 4670">
    <p class='ocr_par' dir='ltr' id='par_1_12' title="bbox 294 4606 1186 4670">
     <span class='ocr_line' id='line_1_42' title="bbox 294 4606 1186 4670; baseline -0.003 -11"><span class='ocrx_word' id='word_1_347' title='bbox 294 4606 301 4637; x_wconf 88' lang='lat'>¹</span> <span class='ocrx_word' id='word_1_348' title='bbox 314 4607 424 4659; x_wconf 85' lang='lat' dir='ltr'>Omitted</span> <span class='ocrx_word' id='word_1_349' title='bbox 431 4608 457 4656; x_wconf 92' lang='lat' dir='ltr'>in</span> <span class='ocrx_word' id='word_1_350' title='bbox 469 4607 524 4658; x_wconf 89' lang='lat' dir='ltr'>MS.</span> <span class='ocrx_word' id='word_1_351' title='bbox 537 4607 656 4658; x_wconf 85' lang='lat' dir='ltr'>Claudius</span> <span class='ocrx_word' id='word_1_352' title='bbox 667 4608 697 4657; x_wconf 82' lang='lat' dir='ltr'>E.</span> <span class='ocrx_word' id='word_1_353' title='bbox 709 4607 755 4660; x_wconf 77' lang='lat' dir='ltr'>iu:</span> <span class='ocrx_word' id='word_1_354' title='bbox 773 4607 885 4670; x_wconf 87' lang='lat' dir='ltr'>supplied</span> <span class='ocrx_word' id='word_1_355' title='bbox 898 4607 962 4658; x_wconf 78' lang='lat' dir='ltr'>from</span> <span class='ocrx_word' id='word_1_356' title='bbox 974 4607 1030 4658; x_wconf 89' lang='lat' dir='ltr'>MS.</span> <span class='ocrx_word' id='word_1_357' title='bbox 1042 4607 1113 4658; x_wconf 83' lang='lat' dir='ltr'>Nero</span> <span class='ocrx_word' id='word_1_358' title='bbox 1124 4608 1158 4657; x_wconf 88' lang='lat' dir='ltr'>D.</span> <span class='ocrx_word' id='word_1_359' title='bbox 1171 4608 1186 4657; x_wconf 91' lang='lat' dir='ltr'>i.</span> 
     </span>
    </p>
   </div>
   <div class='ocr_carea' id='block_1_6' title="bbox 0 0 1524 5452">
    <p class='ocr_par' dir='ltr' id='par_1_13' title="bbox 0 0 1524 5452">
     <span class='ocr_line' id='line_1_43' title="bbox 0 0 1524 5452; baseline 0 2"><span class='ocrx_word' id='word_1_360' title='bbox 0 0 1524 5452; x_wconf 95' lang='lat' dir='ltr'> </span> 
     </span>
    </p>
   </div>
  </div>
 </body>
</html>
