3038 5452
318 679 361 741 88
694 685 800 737 casm
822 685 984 737 asanruu

163 884 231 934 John
242 883 300 944 lv,
320 895 387 950 suo,
410 872 576 951 monacho,
601 872 794 958 decentique
820 872 954 950 familia,
978 894 1091 938 versus
1114 869 1370 957 Wymundlram

185 950 280 1075 ffi,
320 975 484 1061 profectus
506 981 564 1055 est,
588 981 622 1040 et
655 975 690 1039 in
725 974 778 1039 die
811 974 906 1041 Jovis
939 975 1089 1062 proxima
1121 978 1197 1061 post
1229 972 1371 1038 Festum

196 1084 263 1133 AD·
321 1076 553 1143 1Seh01assicae
584 1077 740 1163 Virginis,
772 1099 859 1142 anno
893 1077 1017 1143 Gratiae
1055 1075 1253 1163 supradicto,
1285 1078 1370 1139 ante

182 1155 284 1199 ΜΘΗ·
320 1180 433 1246 horam
458 1180 605 1266 primam,
630 1179 672 1243 ad
699 1178 824 1244 dictum
849 1179 1034 1245 Prioratum
1065 1200 1162 1244 suum
1191 1176 1369 1264 pervenit3

153 1282 208 1360 The
218 1281 308 1358 &015
321 1288 355 1346 et
377 1282 499 1368 absque
523 1281 705 1347 Escaetoris
730 1303 786 1346 seu
809 1281 946 1364 alicujus
969 1279 1216 1367 perturbatione
1239 1279 1371 1345 dictum

154 1349 625 1464 }{{¹,⁰¹1¹,l§'⁰‘¹eoenobiumsuum
650 1384 814 1470 ingressus
845 1387 902 1448 est.
949 1384 1124 1449 Adventus
1155 1383 1207 1446 sui
1233 1402 1369 1447 eausam

153 1481 239 1595 hange,
321 1487 573 1564 Sub-aecastori,
597 1485 631 1549 in
657 1486 745 1550 dicto
761 1486 914 1550 Prioratu
938 1485 1152 1572 permissione
1175 1491 1256 1551 tunc
1279 1504 1369 1550 com·

153 1556 285 1663 diduiiiin
322 1590 474 1667 moranti,
498 1588 625 1652 litteras
656 1587 791 1652 Domini
821 1588 871 1651 W.
903 1587 1087 1654 Escaetoris
1120 1587 1161 1653 de
1193 1586 1372 1651 vacatione

154 1679 284 1796 pippiena-
321 1691 418 1755 dietae
450 1691 574 1766 domus,
605 1689 691 1754 sicut
719 1689 891 1754 manifeste
926 1694 1139 1775 praenotatur,
1168 1711 1211 1755 ex
1235 1689 1371 1775 integro

321 1793 581 1871 demonstravit3
612 1792 732 1877 quibus
770 1791 850 1858 visis
892 1804 926 1858 et
964 1792 1148 1865 intellectis,
1187 1791 1372 1857 secundum

322 1902 466 1961 tenorem
506 1895 737 1980 praedictarum
771 1893 966 1974 litterarum,
1000 1894 1175 1980 praedictus
1211 1894 1372 1960 Fsoaetor

320 2021 432 2064 curam
453 1997 550 2062 dictae
572 1998 686 2062 domus
707 1997 742 2060 in
758 1996 910 2060 omnibus
925 1996 1014 2061 dicto
1035 1996 1150 2073 Priori,
1166 1995 1236 2060 sine
1256 1995 1373 2082 aliqua

321 2100 504 2164 retentione
535 2104 767 2185 proventuum,
798 2099 852 2162 vel
885 2098 1083 2163 alienatione
1115 2098 1276 2162 bonorum
1309 2098 1371 2163 ali·

323 2224 425 2279 orum,
451 2201 595 2286 plenarie
617 2199 777 2265 liberavit.

154 2309 224 2392 roan
235 2312 265 2360 de
369 2303 497 2367 Deinde
528 2308 723 2389 congregato
755 2302 930 2367 Conventa
960 2302 995 2366 in
1032 2302 1194 2389 Capitulo,
1224 2301 1372 2368 intravit

156 2377 311 2507 {tffiify‘
327 2406 433 2471 dietus
478 2403 595 2469 Frater
635 2406 657 2469 J
660 2405 811 2484 channae,
852 2427 925 2470 curu
970 2405 1127 2470 monacho
1167 2404 1225 2490 qui
1259 2426 1371 2470 secum

153 2509 268 2585 insinuo
326 2512 472 2585 venerat,
500 2528 566 2570 nou
594 2507 687 2592 quasi
712 2507 813 2584 Prior,
841 2507 896 2571 sed
920 2506 1012 2591 quasi
1042 2505 1185 2571 Abbatis
1211 2507 1372 2587 nuncius3

155 2575 299 2705 idffid.
327 2609 558 2696 completisque
589 2609 631 2672 ad
654 2608 811 2673 Ordinem
842 2609 1078 2695 spectantibus,
1099 2609 1285 2686 monachus,
1312 2609 1371 2696 qui

155 2707 222 2758 ham.
324 2734 397 2778 cum
420 2733 456 2775 eo
480 2715 625 2785 venerat,
647 2710 840 2774 mandatum
865 2711 1001 2775 Domini
1023 2711 1164 2775 Abbatis
1181 2711 1371 2777 conventui

324 2815 493 2890 directum,
531 2812 571 2875 de
606 2813 797 2897 praefixione
840 2812 920 2877 dicti
963 2813 1090 2878 Fratris
1129 2813 1295 2879 Jolrannis
1333 2814 1369 2878 in

323 2917 468 2982 Priorem
506 2917 546 2980 de
579 2914 836 3000 Wymuudham,
867 2915 903 2977 in
937 2914 1067 3001 scriptis
1107 2915 1369 2991 demonstravit;

322 3021 408 3106 quod
432 3019 563 3106 quidem
584 3018 776 3082 mandatum
802 3017 925 3104 pariter
948 3040 1059 3082 omnes
1081 3017 1264 3104 gaudentes
1282 3040 1370 3085 rece·

323 3130 443 3210 perunt
455 3148 462 3202 ;
495 3122 599 3187 eidem
633 3120 737 3185 Priori
771 3120 875 3184 locum
916 3119 1086 3197 dederunt,
1115 3128 1159 3199 et,
1182 3120 1274 3205 quasi
1308 3120 1370 3185 filii

324 3225 528 3302 obedientiae,
551 3222 785 3308 subjectionem
817 3222 1068 3307 impenderunt3
1102 3227 1278 3308 sperantes,
1311 3245 1371 3309 per

326 3329 388 3391 Dei
412 3327 562 3412 gratiam,
587 3324 859 3411 ²praedecess0ris
881 3324 940 3402 sui,
964 3330 1126 3410 quantum
1142 3325 1185 3389 ad
1200 3325 1371 3412 regiminis

324 3429 536 3506 honestatem,
559 3434 593 3492 et
618 3428 755 3491 tiatrum
781 3448 913 3491 suorum
936 3427 1221 3512 tranquillitatem,
1245 3428 1370 3494 unifor-

326 3533 425 3595 miter
447 3554 480 3596 se
504 3531 714 3595 conformare.
752 3529 941 3594 'terminato
964 3537 1074 3595 autem
1098 3530 1262 3616 Capitale,
1283 3531 1370 3596 Con·

326 3639 445 3697 ventus
467 3655 541 3696 cum
568 3632 768 3717 processione
795 3631 927 3697 chorum
944 3633 1105 3711 intravit3
1126 3639 1161 3697 ot
1180 3633 1372 3700 accedentes

326 3735 367 3800 ad
398 3735 522 3798 dictum
553 3734 703 3798 Fratrem
733 3734 929 3813 Johannem,
951 3735 1095 3820 ejusdem
1118 3735 1179 3798 loci
1203 3735 1371 3822 Supprior,

326 3845 360 3904 et
374 3838 549 3901 monachus
561 3837 618 3922 qui
634 3837 768 3901 Domini
784 3835 926 3901 Abbatis
941 3838 1073 3902 nomine
1088 3837 1166 3901 illuc
1180 3837 1372 3920 advenerat,

325 3942 395 4005 sine
418 3940 526 4024 aliqua
541 3938 744 4004 saecularium
761 3940 943 4025 prasentia,
960 3941 1089 4025 pacifice
1104 3938 1371 4008 installaverunt.

327 4043 453 4123 Postea,
492 4041 593 4125 juxta
636 4041 770 4106 Ordinis
813 4043 1090 4121 consuetudinem,
1127 4043 1296 4109 redierunt
1334 4046 1371 4110 in

327 4148 512 4212 claustrum.

158 4279 313 4331 Greatdebts
371 4247 506 4312 invenit
529 4251 640 4312 autem
664 4247 796 4312 domum
826 4246 916 4311 illam
944 4252 1023 4312 tunc
1055 4248 1209 4334 temporis
1232 4249 1373 4316 diversis

155 4346 311 4479 ffleeffiffry·
326 4351 540 4417 creditoribus
556 4351 592 4416 in
607 4349 697 4414 mille
712 4356 746 4414 et
761 4351 924 4416 sexcentis
943 4350 1061 4416 mareis
1075 4372 1144 4416 esse
1159 4350 1348 4439 obligatam.

495 4502 888 4510 -.-.·---————.-—--
1126 4503 1148 4509 ...
1165 4503 1245 4509 .-—.
1267 4505 1277 4509 -
1294 4504 1361 4514 *—

384 4583 515 4636 Scotusae
526 4584 552 4634 in
563 4582 617 4636 Ms.
840 4580 849 4655 Ι
904 4581 1291 4650 ²Thispassageaincomplea.
