3038 5452
420 720 633 772 uonnaruan
656 721 778 773 sunem
799 722 935 775 sanans
1134 710 1199 773 329

155 914 176 940 “
194 911 262 967 dem
280 909 423 966 Willelmi
440 913 619 974 remaneant,
639 907 678 963 ad
701 912 793 963 totam
816 907 910 964 vitam
936 927 1036 977 suam;
1066 918 1097 968 et
1120 911 1202 968 dabit
1223 909 1342 973 Miehsel,

155 998 175 1022 “
194 995 363 1059 herioltum,
380 1012 448 1050 cum
474 993 589 1048 obierit.
634 992 675 1048 ut
703 992 801 1058 etiam,
831 993 857 1048 si
882 993 1016 1065 praedicti
1042 995 1206 1073 Johannes,
1247 978 1323 1096 ἓξὲξ)

155 1081 174 1108 “
193 1079 371 1142 willelmus,
389 1083 419 1134 ct
441 1079 578 1142 Thomas,
597 1077 727 1149 aliquam
750 1077 957 1145 venditionem,
978 1079 1201 1144 districtionem,
1257 1051 1341 1161 AB?

155 1166 175 1191 “
193 1164 242 1219 vel
270 1164 520 1235 strippameutum,
539 1162 691 1218 domorum
710 1162 839 1225 fecerint,
858 1168 909 1217 aut
934 1162 1064 1234 aliquam
1088 1171 1203 1236 partem
1234 1183 1359 1230 last-49.

154 1250 174 1275 ‘⁶
193 1265 296 1303 eorum
312 1247 411 1311 alicui,
430 1247 490 1302 uisi
507 1245 674 1302 tenentibus
692 1244 763 1300 dicti
781 1244 904 1300 Abbatis
923 1246 959 1301 de
978 1247 1021 1302 La
1039 1248 1157 1312 Barnet,
1172 1255 1202 1304 et
1258 1272 1325 1284 --

154 1335 175 1359 “
192 1332 249 1388 hoc
266 1331 303 1386 de
314 1331 435 1387 licentia
451 1330 523 1386 dicti
535 1328 669 1393 Abbatis,
680 1329 729 1383 vel
741 1346 954 1396 successorum,
967 1331 1016 1385 vel
1035 1332 1201 1403 sipraedicti

154 1419 174 1445 “
192 1421 325 1473 tenentes
344 1417 388 1472 sic
405 1415 524 1478 feoffati,
544 1431 597 1486 per
614 1413 762 1468 licentiam
779 1413 928 1485 aliquibus
947 1414 1025 1471 dicta
1035 1421 1202 1474 tenementa

156 1503 175 1529 ‘⁸
194 1500 384 1572 quovismodo
409 1498 591 1564 dimiserint;
621 1498 700 1569 quod
726 1503 830 1553 extunc
855 1498 929 1554 bene
946 1498 1036 1556 liceat
1052 1502 1200 1573 predictis

155 1584 302 1641 “Abbati
326 1591 357 1640 et
383 1583 556 1647 Conventui,
577 1588 607 1637 et
631 1571 731 1636 etrum
757 1583 985 1650 successoribus,
1014 1584 1094 1641 dicta
1122 1593 1201 1643 teue-

156 1671 175 1697 “
192 1675 292 1724 menta
307 1668 434 1740 ingredi,
455 1674 485 1723 et
502 1668 533 1722 in
550 1672 724 1738 perpetuum
742 1668 879 1722 retinere.
917 1669 956 1724 Et
974 1669 1052 1739 quod
1069 1676 1136 1740 post
1153 1671 1202 1726 de-

156 1754 175 1780 “
193 1771 309 1809 cessum
326 1752 471 1808 dictorum
483 1750 626 1806 Willelmi
636 1750 707 1806 Atto
719 1751 829 1815 Penne,
844 1758 875 1807 ct
891 1752 1001 1817 Eleusa,
1016 1755 1114 1810 uxoris
1126 1756 1200 1826 ejus,

157 1840 175 1864 ‘⁴
194 1838 214 1893 J
215 1836 347 1902 ohannis,
355 1836 507 1900 willelmi,
528 1840 558 1890 et
575 1835 703 1899 Thomna,
717 1834 845 1889 filiorum
862 1836 996 1906 praedicti
1013 1836 1155 1893 Willelmi
1173 1845 1203 1894 et

157 1923 175 1948 “
192 1921 303 1986 Eleusa,
322 1920 419 1976 omnia
436 1917 576 1991 praedicta
593 1918 756 1989 mesuagio,
776 1924 873 1982 terrae,
894 1923 923 1973 et
941 1924 1034 1990 prata,
1050 1937 1117 1974 cum
1141 1939 1201 1976 om·

157 2007 175 2032 ‘⁸
193 2005 280 2060 nibus
299 2005 360 2060 suis
378 2003 572 2076 pertinentiis,
592 2002 701 2057 Abbati
718 2001 754 2056 do
774 2001 880 2057 Sancto
897 2001 1020 2066 Albano,
1041 2011 1071 2058 et
1089 2022 1203 2060 succes·

158 2090 176 2115 “
195 2089 310 2144 sonibus
338 2088 409 2154 suis,
436 2088 552 2159 integre
579 2090 774 2149 revertantur,
802 2092 832 2140 et
858 2086 909 2157 jus
936 2086 1077 2142 Ecclesia
1102 2086 1202 2144 Sancti

157 2174 176 2200 ‘⁸
194 2172 311 2238 Albani,
330 2172 367 2227 de
386 2171 493 2227 Sancto
509 2171 633 2226 Albano.
670 2169 710 2225 Et
726 2175 878 2240 praterea,
897 2170 1031 2240 praedicti
1049 2171 1148 2226 Abbas
1173 2177 1203 2226 ct

157 2259 176 2285 ⁴‘
195 2257 362 2312 Conventus
388 2255 558 2318 concedunt,
578 2253 656 2324 quod
679 2258 746 2324 post
762 2258 888 2308 mortem
903 2254 1111 2325 praedictorum
1129 2255 1202 2310 Wil-

157 2343 176 2369 “
193 2342 276 2397 lelmi
288 2347 319 2396 et
329 2341 438 2406 Eleum,
457 2341 477 2394 J
478 2339 610 2405 ohannis,
624 2337 776 2402 Willelmi,
790 2342 821 2393 et
831 2339 959 2404 Thema
970 2339 1111 2410 predicta
1122 2346 1201 2395 tene·

157 2428 176 2452 “
192 2431 291 2481 menta
317 2424 502 2480 dimittentur
527 2424 587 2478 illis
621 2421 736 2494 quibus,
768 2421 928 2477 secundum
961 2423 1201 2479 consuetudinem

157 2507 267 2564 “dicti
292 2508 424 2572 manerii,
445 2506 554 2562 dimitti
582 2505 759 2570 debuissent,
787 2505 848 2560 acsi
872 2510 1039 2562 tenementa
1061 2508 1202 2579 praedicta

156 2595 175 2621 ‘⁴
194 2610 248 2664 per
263 2592 400 2664 praefatos
418 2591 609 2654 Willelmmn,
629 2590 761 2654 Eleusin,
781 2588 802 2643 J
803 2590 953 2656 ohannem,
966 2590 1158 2657 Willelmum,
1172 2598 1203 2649 et

155 2679 176 2704 ‘⁶
194 2676 346 2741 Thomarn,
365 2681 535 2731 tenerentur
561 2672 599 2728 ad
622 2674 804 2729 voluntatem
840 2673 985 2730 dictorum
1016 2674 1142 2732 Abbatis
1173 2682 1203 2732 et

155 2763 175 2790 ‘⁴
194 2761 372 2824 Conventus,
393 2759 456 2814 siva
481 2759 542 2813 siut
564 2757 697 2813 haeredes
715 2757 788 2813 dicti
807 2757 960 2823 Willelmi,
980 2759 1043 2815 sive
1062 2760 1114 2815 alii
1138 2761 1203 2831 qui-

156 2847 176 2872 “
194 2861 319 2914 cunque,
349 2842 517 2897 dimissione
544 2842 675 2912 praefatis
701 2840 851 2896 Willelmo
875 2848 906 2897 et
933 2842 1043 2908 Elenae,
1064 2843 1202 2909 Johanni,

156 2932 176 2958 ‘⁴
194 2928 354 2991 Willelmo,
373 2933 403 2982 et
419 2926 548 2991 Thomas,
568 2925 606 2980 ad
623 2925 783 2980 terminum
800 2926 869 2981 vitae
886 2925 955 2981 iude
973 2926 1059 2990 facta,
1078 2945 1136 2982 non
1154 2928 1202 2983 ob·

155 3016 175 3042 ⁴⁶
195 3017 312 3075 staute;
342 3010 511 3084 recipienda
536 3027 591 3081 per
615 3009 742 3081 virgam,
773 3008 934 3064 secuudum
963 3010 1201 3065 consuetudinem

155 3096 318 3152 “manerii
343 3094 487 3166 praedicti.
535 3094 576 3149 Et
600 3111 662 3157 nos,
688 3093 823 3164 praedicti
840 3092 941 3147 Abbas
968 3100 998 3149 et
1025 3092 1200 3158 Conventus,

154 3186 174 3212 ⁴⁶
193 3182 343 3256 praedictis
355 3182 505 3237 Willelmo
523 3190 554 3237 et
571 3181 681 3246 Eleum,
697 3180 717 3235 J
718 3181 833 3244 ohanni,
848 3181 1008 3246 Willelmc,
1023 3186 1054 3236 et
1071 3181 1199 3247 Thomas,

155 3272 175 3297 ⁴‘
194 3267 335 3341 praedicta
352 3267 513 3337 mesuagia,
533 3272 637 3330 terras,
658 3272 688 3321 et
704 3270 796 3337 prata,
817 3283 885 3320 cum
903 3264 1038 3320 omnibus
1056 3266 1118 3320 suis
1136 3283 1201 3337 per·

155 3357 174 3382 ‘⁶
192 3352 335 3416 tineutfis
350 3356 451 3407 contra
468 3368 567 3405 omnes
587 3355 689 3421 gentes
701 3349 933 3420 acquietabimus
951 3355 982 3404 et
999 3348 1198 3406 defendemus.

155 3441 175 3467 “
193 3437 232 3492 Iu
249 3437 334 3508 cujus
351 3436 396 3490 rei
414 3435 624 3499 testimonium,
638 3434 706 3489 huic
726 3435 835 3505 scripto
854 3433 1003 3489 indentato
1021 3433 1121 3506 sigilla
1139 3434 1199 3489 dic·

154 3525 175 3550 ‘⁸
193 3528 291 3578 torum
309 3519 432 3575 Abbatis
457 3525 487 3574 et
513 3518 690 3583 Conventus,
711 3522 740 3573 et
764 3517 865 3588 sigilla
890 3517 1034 3574 dictorum
1057 3517 1200 3575 Willelmi

155 3609 175 3635 “
194 3611 225 3662 et
248 3605 358 3670 Eleuoe,
379 3603 531 3669 Johannis,
551 3603 703 3668 Willelmi,
733 3609 763 3658 et
787 3602 915 3668 Thomae,
940 3603 1106 3659 alternatim
1131 3610 1201 3658 sunt

155 3693 175 3720 ‘⁶
194 3706 331 3762 appensa.
366 3687 443 3743 Data
470 3687 548 3759 apud
567 3687 707 3743 Sanctum
724 3687 881 3752 Albanum,
899 3687 947 3742 die
967 3687 1050 3742 Jovis
1068 3688 1201 3758 proxima

156 3778 176 3803 ‘⁸
193 3780 263 3847 post
286 3773 407 3828 Festum
435 3772 535 3828 Sancti
563 3771 714 3827 1Matthiae
739 3771 883 3842 Apostoli,
903 3788 977 3826 auno
1003 3771 1089 3841 regui
1107 3770 1200 3842 Regis

155 3861 176 3888 ‘⁸
194 3857 341 3922 Edwardi,
360 3857 453 3912 Tertii
471 3861 538 3928 post
555 3853 773 3928 Conquaestum,
792 3856 932 3912 vicesimo
949 3854 1076 3927 primo.’'

160 4031 250 4038 —..—
258 4033 380 4040 ——u—-u-
388 4034 399 4039 ..
406 4034 445 4039 --
469 4034 474 4038 -
560 4031 758 4038 ,β’-,-α
770 4032 774 4036 ..

554 4141 561 4172 ¹
576 4137 681 4190 Mallia
697 4139 723 4188 iu
733 4139 789 4190 MS.
