3038 5452
305 686 368 746 150
681 695 789 745 nassa
810 695 972 747 assarna

245 924 252 947 ,
307 886 325 907 ·‘
345 883 482 953 idemque
501 884 647 938 Robertus
675 892 705 937 et
729 901 827 938 omnes
853 884 904 938 alii
932 889 1025 938 terras
1044 888 1075 938 et
1091 884 1258 937 tenementa
1274 897 1353 952 prae·

306 969 324 992 ‘⁴
345 966 423 1021 dicta
440 968 522 1038 prius
540 973 670 1024 tenentos
689 968 853 1023 omnimoda
871 967 956 1022 blada
974 984 1029 1023 sua
1045 966 1083 1021 ad
1100 966 1355 1037 molendinepm-

239 1121 245 1132 Ι
306 1055 324 1076 “
344 1051 432 1117 dicta,
452 1061 483 1107 et
502 1071 559 1109 uon
583 1053 662 1117 alibi,
683 1053 751 1108 totis
776 1053 930 1108 retroactis
955 1051 1137 1123 temporibus
1154 1050 1267 1106 molere
1284 1067 1354 1106 eon-

266 1189 272 1200 ,
305 1139 323 1160 ‘⁶
344 1143 517 1201 sueverunt3
556 1137 597 1191 ita
623 1136 700 1208 quod
726 1137 815 1192 alicui
840 1154 941 1191 eorum
959 1136 990 1191 in
1008 1135 1142 1190 domibus
1160 1135 1222 1190 suis
1240 1133 1353 1190 ibidem

304 1228 322 1244 ‘⁶
343 1220 472 1291 aliquam
490 1221 597 1276 molam
615 1221 781 1276 manualem
799 1221 836 1275 ad
853 1219 940 1274 blada
952 1219 1020 1274 indo
1037 1219 1173 1274 molenda
1192 1216 1351 1275 mactmus

304 1308 321 1328 ⁶·
343 1315 512 1359 construere
532 1323 587 1359 non
600 1305 702 1369 licuit;
723 1323 756 1359 ac
775 1305 923 1360 Johannes
942 1305 1048 1368 Pekoe,
1069 1303 1196 1359 ballivus
1214 1302 1352 1374 predicti

302 1390 320 1413 “
340 1388 464 1443 Abbatis
483 1389 562 1443 villae
590 1389 746 1460 praedictas,
767 1407 860 1460 nuper
878 1387 1060 1460 perpendens
1088 1387 1166 1458 quod
1189 1386 1351 1459 praedictus

301 1476 321 1498 ‘⁶
342 1473 489 1528 Robertus
515 1474 546 1527 in
576 1474 662 1528 domo
688 1491 741 1528 sua
767 1473 799 1527 in
826 1472 928 1527 eadem
946 1473 1018 1527 ville
1036 1471 1072 1526 de
1104 1470 1211 1526 Sancto
1235 1471 1352 1527 Albano

303 1561 322 1583 “
343 1558 499 1628 quamdam
517 1558 625 1612 molam
644 1558 819 1621 manualem,
833 1557 871 1611 ad
889 1557 977 1611 blada
994 1575 1048 1612 sua
1066 1555 1133 1610 inde
1150 1555 1299 1620 molenda,
1318 1555 1351 1611 in

304 1645 322 1668 “
342 1641 549 1713 praejudicium
567 1642 713 1697 libertatis
732 1642 825 1713 ipsius
853 1641 986 1706 Abbatis,
1006 1646 1217 1704 construxerat,
1239 1645 1352 1695 sectam

305 1729 323 1751 “
344 1744 433 1797 quam
463 1725 500 1779 ad
530 1726 698 1780 molendina
728 1725 869 1797 praedicta
899 1726 996 1779 iacere
1032 1722 1119 1778 debet
1151 1721 1351 1778 subtrahendo

304 1813 322 1835 “
343 1810 439 1863 minus
455 1811 545 1880 juste,
566 1809 603 1863 ad
628 1809 747 1863 domum
771 1808 941 1881 praedictam
967 1813 1109 1871 recenter,
1128 1813 1217 1878 prout
1234 1806 1272 1861 ad
1290 1806 1350 1861 offi-

304 1896 322 1919 ‘·
343 1893 420 1947 oium
452 1912 538 1947 suum
568 1893 721 1964 pertinuit,
754 1893 936 1956 accessisset,
968 1898 999 1946 et
1028 1891 1209 1962 superiorem
1234 1895 1350 1961 petram

304 1982 321 2003 ¹‘
342 1979 425 2031 molas
443 1977 591 2048 praedictas
615 1979 732 2031 nomine
758 1977 952 2032 districtionis
970 1975 1085 2046 cepisse
1102 1974 1255 2038 voluisset,
1275 1992 1351 2046 prra-

302 2072 320 2086 ··
340 2062 435 2116 dictus
455 2062 610 2123 liebertus,
630 2062 751 2131 praefato
769 2062 878 2116 ballivo
896 2061 926 2114 vi
939 2066 970 2114 et
981 2059 1071 2114 armis
1083 2059 1235 2121 resistens,
1249 2059 1350 2128 ipsum

301 2156 319 2171 ··
341 2145 480 2199 ballivum
498 2142 627 2215 ²petram
646 2147 816 2215 praedictam
835 2146 877 2201 sio
896 2162 1001 2215 capere
1019 2143 1139 2196 minime
1157 2143 1304 2213 permisit,
1319 2148 1349 2198 et

300 2240 318 2255 ··
339 2230 397 2282 alia
415 2230 544 2282 enormia
562 2231 682 2299 praefato
707 2230 816 2284 Abbati
834 2229 944 2283 ibidem
962 2227 1071 2291 intulit,
1091 2226 1128 2280 ad
1154 2244 1247 2296 greve
1267 2227 1348 2281 darm

299 2318 317 2339 ⁴·
338 2331 408 2367 num
427 2312 560 2382 ejusdem
584 2312 717 2376 abbatis,
738 2319 769 2368 et
786 2313 908 2367 dominii
932 2312 979 2367 sui
997 2312 1029 2365 in
1052 2309 1154 2365 eadem
1171 2309 1245 2364 villa
1262 2308 1347 2365 ‹lero-

299 2402 315 2463 *ξ
336 2397 484 2468 gationom
502 2397 697 2460 manifestam,
717 2415 752 2452 ac
764 2402 867 2451 contra
877 2413 978 2467 pacem
990 2401 1121 2449 nostram
1130 2393 1239 2459 ;-N0s
1251 2399 1346 2450 mans·

297 2487 315 2508 ‘·
335 2481 517 2551 gressionem
553 2480 734 2552 praedictam,
773 2481 798 2536 si
835 2485 1002 2551 perpetrata
1037 2478 1136 2543 fucrit,
1173 2477 1344 2551 relinquere

299 2567 318 2590 ‘⁶
338 2564 469 2618 nolentes
495 2564 678 2636 impunitam,
709 2565 925 2636 assignavimus
950 2580 1012 2626 voe,
1032 2561 1081 2616 vel
1107 2560 1180 2617 duos
1201 2567 1345 2628 vestrum,

300 2650 319 2674 '⁴
339 2665 465 2718 quorum
483 2666 546 2712 vos,
566 2650 687 2719 praefate
706 2648 855 2703 Willolme
874 2647 958 2718 lnge,
971 2647 1097 2701 alterum
1115 2646 1346 2712 essevolumus,

300 2736 318 2760 “
339 2732 525 2788 Justiciarios
543 2737 658 2786 nostros
684 2733 721 2786 ad
749 2731 955 2801 inquirendum
972 2749 1026 2802 per
1049 2736 1265 2786 sacramentum
1281 2749 1349 2803 pro-

299 2822 317 2842 “
337 2817 440 2870 borum
460 2823 489 2870 et
506 2817 649 2885 legalium
677 2816 828 2870 hominum
850 2816 886 2869 dc
912 2816 1062 2870 Comitatu
1080 2814 1273 2880 Hertfordioe,
1292 2834 1347 2888 per

297 2908 313 2928 ‘⁸
334 2919 405 2977 quos
425 2902 467 2954 rei
486 2901 594 2955 veritas
613 2900 719 2954 molius
739 2900 808 2955 sciri
827 2898 943 2970 poterit,
963 2898 999 2952 de
1017 2897 1252 2968 transgressione
1270 2917 1345 2970 prse-

298 2990 316 3011 ·‘
336 2986 414 3040 dicta
440 2984 555 3054 plenius
581 2985 745 3048 veritatem,
775 2982 812 3037 ad
837 2982 1101 3052 transgressionem
1125 2981 1207 3035 illam
1225 2981 1346 3038 audien-

297 3075 315 3096 “’
334 3070 403 3123 dum
431 3075 461 3123 et
488 3069 711 3132 terminandum,
741 3066 901 3122 secundum
926 3065 1024 3135 legem
1050 3071 1080 3120 et
1103 3067 1346 3122 cousuetudinem

297 3158 315 3179 ‘⁸'
335 3152 420 3224 regni
437 3152 539 3206 nostri.
578 3151 617 3206 Et
636 3153 700 3206 ideo
719 3152 801 3206 vobis
819 3148 999 3214 mandamus,
1021 3148 1099 3220 quod
1117 3148 1154 3203 ad
1171 3156 1268 3205 certos
1281 3150 1346 3207 dics

297 3240 315 3262 ·‘
334 3243 364 3289 et
381 3236 454 3298 loca,
476 3253 548 3304 quos
576 3252 638 3297 vos,
666 3236 713 3288 vol
741 3236 799 3289 duo
824 3240 967 3298 vestrum
988 3250 1113 3302 quorum
1138 3249 1201 3297 vos,
1222 3235 1345 3304 praefate

297 3328 315 3343 ¹·
335 3318 483 3372 Willelmo
502 3318 586 3388 lngo,
607 3317 732 3372 altorum
760 3337 824 3372 esse
850 3319 994 3381 volumus,
1015 3317 1052 3371 sd
1070 3316 1125 3371 hoc
1142 3316 1343 3386 provideritis,

297 3405 315 3426 ⁴·
335 3400 555 3470 inquisitionem
573 3400 655 3454 illam
681 3401 806 3463 faciatis,
835 3406 866 3456 et
892 3401 1154 3471 transgressionem
1172 3400 1345 3470 pradictum

297 3494 315 3509 ··
336 3483 460 3537 audiatis
480 3483 691 3537 atterminatis
711 3485 743 3537 in
768 3485 862 3537 forma
880 3485 1029 3555 predicto,
1050 3484 1157 3539 facturi
1176 3484 1246 3539 inde
1265 3485 1345 3556 quod

297 3578 314 3592 ¹·
335 3567 372 3619 od
394 3566 541 3634 justitiam
567 3568 702 3637 pertinet,
733 3567 894 3622 secundum
918 3569 1015 3639 legem
1043 3576 1074 3624 et
1100 3568 1344 3624 consuetudinem

297 3654 314 3676 “
334 3649 419 3718 regni
438 3650 551 3714 nostri;
589 3648 678 3704 salvis
704 3650 787 3703 nobis
815 3652 1047 3706 amerciamentis
1075 3659 1104 3706 ot
1129 3652 1196 3705 aliis
1222 3650 1261 3706 ad
1289 3671 1343 3709 nos

296 3739 314 3759 ‘·
335 3731 400 3785 inde
420 3733 626 3802 spectantibus.
671 3734 844 3787 Mandainus
858 3735 936 3788 enim
947 3735 1121 3791 vicecomiti
1133 3740 1233 3790 nostro
1246 3736 1344 3792 Comi·

296 3821 313 3843 ‘¹'
334 3822 412 3870 tatus
437 3815 579 3886 praedicti,
608 3817 685 3887 quod
713 3818 750 3872 ad
775 3824 869 3872 certos
896 3820 959 3874 dies
980 3827 1011 3874 et
1028 3820 1100 3883 loca,
1121 3837 1193 3890 quos
1211 3838 1274 3885 vos,
1294 3822 1344 3877 vel

295 3914 313 3928 ¹·
334 3901 392 3954 duo
409 3908 551 3965 vestrum,
572 3919 697 3971 qnorum
722 3921 783 3966 vos,
804 3904 924 3973 praefate
942 3904 1091 3959 Willelme
1109 3903 1193 3973 Iuga,
1215 3904 1341 3960 alterum

293 3996 310 4013 ⁸·
331 3984 559 4048 essevolumus,
580 3985 606 4038 ei
637 3986 710 4039 scire
730 3986 853 4050 scariotis,
882 3989 982 4041 venire
1008 3989 1096 4041 faeiat
1123 4004 1222 4040 coram
1245 3989 1340 4054 vobis,

296 4077 312 4097 ··’
334 4077 384 4125 aut
402 4068 514 4123 duobus
539 4076 680 4134 vestrum,
701 4090 825 4141 quorum
852 4091 911 4133 voe,
932 4072 1052 4142 praefato
1078 4070 1229 4124 Willelme
1255 4072 1341 4145 Inge,

296 4161 312 4181 ‘⁶
333 4156 458 4210 ultorum
489 4172 553 4208 esso
578 4154 723 4220 volumus,
751 4161 795 4210 tot
822 4163 852 4209 ot
880 4155 954 4209 tales
979 4155 1085 4226 probos
1112 4162 1142 4207 et
1160 4154 1274 4225 legales
1304 4156 1340 4211 de

295 4244 312 4264 '¹'
334 4239 481 4294 Comitatu
500 4238 647 4308 praedicto,
660 4257 712 4310 per
731 4258 803 4311 qum
822 4239 865 4294 rei
883 4240 990 4293 veritas
1008 4239 1040 4293 in
1058 4237 1220 4309 praemissis
1232 4241 1339 4296 melius

295 4327 312 4349 ‘⁶
334 4323 403 4378 sciri
428 4321 544 4394 poterit,
571 4330 602 4377 et
628 4323 746 4394 inquiri.
804 4323 839 4377 Iu
867 4322 951 4394 cujus
976 4323 1020 4377 roi
1047 4323 1259 4389 testimonium,
1286 4324 1338 4379 has

301 4506 306 4510 ·
344 4502 789 4512 ---.-——---—--—--.-
809 4505 821 4509 -

326 4620 331 4650 ¹
345 4631 444 4671 (actenus
455 4623 602 4693 conam-in
614 4623 669 4675 MS.
801 4624 805 4685 Ι
854 4625 863 4655 ²
872 4635 980 4689 piretrum
987 4627 1014 4676 in
1024 4627 1128 4692 MS.,by
1135 4627 1318 4680 inadeoe.
