3038 5452
420 711 627 761 nosceretur
651 710 771 760 aaron
799 709 934 759 casaur
1135 692 1201 761 447

154 900 171 923 “
190 901 233 960 ut,
254 913 307 966 per
326 901 432 952 sanetae
451 897 620 953 obedientiae
639 897 819 968 propositum
837 896 874 951 de
886 895 995 950 virtute
1015 895 1046 949 in
1063 893 1203 949 virtutem
1234 909 1354 968 Thomu,

155 1067 173 1092 “
192 1069 230 1129 et,
260 1064 298 1118 ad
325 1065 466 1136 majorem
484 1066 704 1136 premium-um
729 1066 859 1121 omnium
884 1064 998 1119 roboris
1022 1062 1200 1126 firmitatem,
1259 1106 1319 1159 AD

154 1149 367 1219 “praesentem
393 1151 587 1221 quaternium,
610 1150 839 1206 Constitutiones
864 1150 944 1220 ipsas
970 1149 1086 1218 integra
1113 1145 1203 1201 conti·
1234 1147 1356 1227 lese-ee.

153 1234 173 1260 ‘⁴
189 1239 318 1298 nentem,
350 1234 450 1305 sigillo
479 1240 579 1290 nostro
610 1235 734 1291 fecimus
764 1234 941 1306 consignari.
991 1233 1101 1289 Datum
1124 1228 1203 1302 apud
1266 1272 1333 1288 ...-

155 1320 173 1344 “
194 1315 333 1374 Sanctum
350 1316 507 1384 Albanum,
527 1324 553 1374 ct
571 1319 699 1374 coetcra.”
730 1379 736 1393 .

156 1586 361 1657 caussatio
383 1586 476 1656 edite
505 1588 549 1655 isa
579 1594 694 1656 nostro
727 1586 885 1676 capitolo
918 1586 1084 1666 (lacerati,
1108 1586 1203 1675 oprcd

245 1690 411 1759 &cctam
433 1689 610 1757 Albanum
632 1690 797 1772 cenacto,
812 1713 908 1758 ccco
922 1689 1072 1758 Domini
1092 1689 1201 1756 mille

244 1793 331 1860 simo
353 1793 577 1860 trecentesim
599 1793 879 1880 qamqmtgcer'smo
901 1793 1055 1859 secundo.

193 1957 211 1981 ‘⁸
227 1951 419 2008 Attendentes
450 1951 611 2008 absentiam
638 1952 775 2006 Priorum
801 1949 951 2007 (lallarum
978 1957 1143 2006 nostrarum
1168 1949 1204 2003 ab
1218 1960 1343 2012 constitu-

156 2040 174 2066 “
192 2055 294 2093 eorum
310 2037 494 2092 Prioratibus
515 2055 573 2093 non
590 2037 744 2100 modicam,
759 2053 824 2091 esse
844 2036 1023 2100 damnosam,
1036 2052 1089 2090 nos
1102 2028 1309 2089 eorun·ti0110f

154 2126 173 2149 “
191 2121 259 2176 dem
276 2121 446 2186 absentiam,
467 2139 566 2190 quam,
581 2121 693 2176 ratione
707 2119 837 2192 Capituli
855 2121 949 2175 nostri
968 2118 1131 2184 Generalis,
1153 2135 1202 2173 eos
1216 2096 1305 2211 *ἔξω

156 2207 175 2232 “
193 2205 290 2262 facere
302 2209 443 2277 oporteat,
457 2205 488 2259 in
501 2210 642 2275 quantum
659 2222 824 2276 possumus,
846 2210 942 2258 artare
959 2203 1099 2267 volentes,
1114 2207 1204 2258 statu-
1234 2176 1353 2277 uffizk

157 2293 174 2317 “
193 2289 271 2345 imus
298 2296 328 2345 et
346 2289 524 2353 ordinamus,
540 2294 574 2345 ut
592 2288 762 2360 Capitulum
775 2295 908 2344 nostrum
922 2286 1064 2343 Generale
1082 2285 1203 2359 praedic·
1215 2245 1242 2344 ll
1253 2295 1296 2344 the

156 2377 175 2400 “
192 2379 257 2427 tum
276 2373 401 2444 singulis
426 2373 509 2427 annis
533 2373 565 2426 in
582 2372 697 2443 Vigilia
714 2372 864 2428 Passionis
883 2371 969 2427 Beati
986 2371 1103 2436 Albani,
1119 2369 1204 2442 juxte
1217 2361 1325 2413 Gfflssffll

156 2461 174 2484 “
194 2457 343 2528 antiquam
361 2456 533 2512 Monasterii
564 2458 657 2510 nostri
684 2456 935 2521 consuetudinem,
956 2452 1142 2520 celebretur;
1174 2460 1205 2508 et
1217 2428 1335 2491 cmpm’

157 2545 175 2569 ‘⁴
194 2540 293 2605 etiam,
314 2541 340 2595 si
357 2540 508 2594 commodo
526 2540 589 2593 fieri
607 2539 724 2609 poterit,
745 2540 928 2595 terminetur.
966 2539 1005 2593 Et
1015 2544 1050 2594 ut
1060 2539 1115 2593 hoc
1133 2537 1204 2591 libe-
1216 2495 1376 2611 affl&

157 2627 175 2652 “
194 2625 257 2679 rius
276 2624 340 2679 fieri
357 2625 463 2689 valeat,
484 2623 651 2678 ordinamus
669 2630 704 2678 ut
730 2623 842 2688 Sermo,
862 2624 915 2694 qui
941 2623 971 2677 in
998 2624 1064 2694 ipsa
1079 2621 1203 2692 Vigilia,
1217 2629 1357 2693 regulation

157 2710 176 2736 ‘⁸
194 2725 252 2763 non
270 2712 387 2780 propter
406 2707 503 2779 ipsum
522 2704 701 2778 Capitulum,
729 2708 781 2762 sed
806 2708 842 2762 ob
866 2707 1061 2763 reverentiam
1080 2704 1206 2761 Festivi·
1218 2697 1267 2746 ²¹¹⁶
1278 2694 1351 2759 guid-

157 2796 176 2820 “
195 2793 264 2847 tatis
282 2790 452 2863 prelibata,
466 2791 526 2846 dici
539 2792 660 2858 solebat,
674 2793 706 2845 in
717 2793 782 2863 ipso
794 2791 842 2846 die
854 2789 1038 2847 Festivitatis
1051 2791 1087 2846 de
1100 2797 1205 2846 caetero
1218 2761 1343 2878 {2¹95ng

159 2879 175 2903 ‘⁴
195 2876 344 2930 habeatur.
380 2876 428 2930 Ad
447 2877 524 2947 quod
543 2878 663 2949 quidem
676 2877 847 2949 Capitulum
859 2877 977 2931 Priores
993 2894 1093 2931 omnes
1105 2883 1136 2931 et
1148 2877 1205 2930 sin·
1219 2895 1292 2947 Cep,

159 2965 176 2988 “
194 2962 269 3032 guli,
288 2962 371 3016 nobis
390 2961 523 3032 subjecti,
544 2961 726 3017 cessantibus
747 2961 965 3032 impedimentis
985 2959 1154 3031 ¹legitimis,
1175 2961 1206 3014 in

157 3050 177 3074 “
194 3046 313 3118 propria
329 3062 463 3118 persona,
482 3047 530 3101 vel
550 3047 575 3101 si
593 3045 747 3117 ²legitime
766 3044 920 3117 praepediti
938 3045 1056 3109 fuerint,
1070 3060 1123 3115 per
1141 3061 1207 3114 pro-

157 3133 176 3159 ‘⁴
195 3135 360 3185 curatorem
371 3131 537 3195 'idoneum
552 3148 619 3185 cum
631 3129 768 3184 mandato
787 3129 951 3192 sufficienti,
966 3133 996 3182 et
1012 3129 1044 3181 in
1055 3126 1110 3181 heo
1121 3132 1205 3197 parte

159 3214 371 3271 “sufficienter
394 3216 580 3280 instructum,
601 3214 711 3284 absque
736 3212 794 3266 alia
818 3212 955 3266 citatione
973 3212 1022 3267 vel
1048 3208 1205 3282 praemuni·

159 3302 178 3327 ‘⁴
195 3298 283 3363 tione,
303 3300 484 3366 conveniant,
505 3305 535 3354 et
552 3303 741 3369 compareant
759 3297 790 3351 in
808 3295 919 3351 eodem.
971 3296 1004 3350 Si
1022 3295 1089 3366 quis
1107 3299 1206 3350 autem

159 3386 176 3413 “
195 3382 233 3438 ad
250 3383 361 3438 dictum
374 3383 544 3455 Capitulum
562 3383 634 3438 hora
652 3382 750 3437 debita
767 3381 868 3436 venire
885 3379 1058 3450 neglexerit,
1072 3381 1115 3436 ita
1129 3378 1207 3450 quod

159 3470 177 3496 ¹⁶
196 3467 226 3520 in
245 3466 308 3538 ipso
327 3467 463 3538 Oapitulo
480 3486 534 3522 neo
552 3486 604 3539 per
623 3485 664 3532 se,
686 3483 740 3520 nec
765 3482 817 3536 per
835 3468 1062 3536 procuratorem,
1083 3469 1117 3519 ut
1134 3482 1207 3535 pras·

159 3553 177 3580 “
195 3549 333 3617 mittitur,
348 3551 521 3607 sufficienter
538 3550 617 3606 ⁴non
628 3548 835 3622 comparuerit,
851 3554 988 3618 tauquam
997 3552 1161 3613 contumax,
1176 3553 1206 3603 et

158 3637 177 3664 “
195 3635 348 3706 praesentis
376 3635 598 3691 Constitutionis
625 3641 834 3706 transgressor,
863 3632 1041 3703 regulariter
1058 3634 1205 3705 puniatur.

160 3721 177 3748 ‘¹
197 3716 281 3787 Quod
298 3720 324 3773 si
343 3716 450 3790 aliquis
464 3719 609 3775 dictorum
621 3719 759 3774 Priorum
776 3717 929 3789 negotium
941 3717 1078 3774 habuerit
1089 3716 1208 3790 aliquod

160 3804 180 3831 “
196 3801 351 3874 peculiare,
365 3803 529 3876 longiorem
546 3804 699 3874 requirens
717 3806 885 3867 tractatum,
902 3802 988 3874 juxta
1004 3800 1115 3873 negotii
1127 3820 1208 3873 mag·

159 3888 178 3915 ‘⁸
195 3885 368 3953 nitudinem,
389 3887 468 3943 diem
485 3888 645 3959 preveniat
663 3891 816 3943 statutum.
852 3886 989 3959 Insuper,
1009 3889 1079 3957 quia
1099 3886 1208 3941 Priori-

158 3974 177 3999 ·‘
194 3968 250 4025 bus
270 3971 418 4026 cellarum
435 3979 601 4027 nostrarum
619 3972 707 4026 nimis
726 3975 804 4026 esset
821 3969 1001 4026 laboriosum
1018 3987 1071 4041 pro
1090 3969 1208 4041 quibus·

159 4057 178 4082 ‘⁴
197 4072 311 4127 cunque
341 4055 464 4111 modicis
495 4055 714 4111 dimissionibus
745 4061 892 4111 terrarum
922 4060 952 4110 et
976 4059 1208 4109 tenementomm

159 4141 179 4168 ‘¹
197 4155 313 4210 semper
331 4140 369 4194 od
385 4158 438 4195 nos
463 4157 615 4196 recursum
640 4139 759 4205 habere,
780 4139 966 4194 concedimus
991 4137 1034 4191 eis
1059 4136 1208 4191 licentiam

159 4224 364 4294 “generalem
381 4230 485 4289 terres,
512 4229 541 4279 et
565 4228 739 4288 tenemento,
760 4227 790 4277 et
808 4223 880 4278 alias
899 4221 1104 4292 possessiones,
1131 4238 1206 4291 quse,

158 4309 177 4336 “
196 4311 248 4364 aut
265 4326 348 4380 quas,
368 4324 469 4364 eorum
487 4306 715 4380 predecessores
733 4307 764 4360 in
792 4307 853 4360 suis
877 4304 1010 4360 manibus
1029 4309 1128 4359 tenere
1150 4322 1208 4360 non

741 4542 752 4574 ⁸
760 4542 875 4607 ydoneam
885 4541 912 4589 in
922 4541 979 4592 Me.

743 4621 753 4652 ⁴
765 4621 807 4673 Sic
819 4622 846 4670 in
857 4621 929 4687 MS.;
946 4627 997 4670 two
1007 4623 1142 4688 negativae
1217 4630 1219 4637 '
