<?xml version="1.0" encoding="UTF-8"?>
<!DOCTYPE html PUBLIC "-//W3C//DTD XHTML 1.0 Transitional//EN"
    "http://www.w3.org/TR/xhtml1/DTD/xhtml1-transitional.dtd">
<html xmlns="http://www.w3.org/1999/xhtml" xml:lang="en" lang="en">
 <head>
  <title>
</title>
<meta http-equiv="Content-Type" content="text/html;charset=utf-8" />
  <meta name='ocr-system' content='tesseract 3.04.00' />
  <meta name='ocr-capabilities' content='ocr_page ocr_carea ocr_par ocr_line ocrx_word'/>
</head>
<body>
  <div class='ocr_page' id='page_1' title='image "./gestaabbatummon00parigoog_0472.png"; bbox 0 0 3038 5452; ppageno 0'>
   <div class='ocr_carea' id='block_1_1' title="bbox 420 701 1205 769">
    <p class='ocr_par' dir='ltr' id='par_1_1' title="bbox 420 701 1205 769">
     <span class='ocr_line' id='line_1_1' title="bbox 420 701 1205 769; baseline 0 -4"><span class='ocrx_word' id='word_1_1' title='bbox 420 714 629 769; x_wconf 68' lang='lat' dir='ltr'><strong>noseorum</strong></span> <span class='ocrx_word' id='word_1_2' title='bbox 653 715 775 767; x_wconf 72' lang='lat' dir='ltr'><strong>esuum</strong></span> <span class='ocrx_word' id='word_1_3' title='bbox 798 712 935 766; x_wconf 73' lang='lat' dir='ltr'><strong>susim.</strong></span> <span class='ocrx_word' id='word_1_4' title='bbox 1139 701 1205 765; x_wconf 74' lang='lat'><strong>443</strong></span> 
     </span>
    </p>
   </div>
   <div class='ocr_carea' id='block_1_2' title="bbox 154 901 1364 3406">
    <p class='ocr_par' dir='ltr' id='par_1_2' title="bbox 154 901 1360 976">
     <span class='ocr_line' id='line_1_2' title="bbox 154 901 1360 976; baseline -0.006 -14"><span class='ocrx_word' id='word_1_5' title='bbox 154 909 177 935; x_wconf 80' lang='lat'><strong>‘⁸</strong></span> <span class='ocrx_word' id='word_1_6' title='bbox 198 908 287 964; x_wconf 90' lang='lat' dir='ltr'><strong>liceat</strong></span> <span class='ocrx_word' id='word_1_7' title='bbox 310 912 445 963; x_wconf 87' lang='lat' dir='ltr'><strong>mutuum</strong></span> <span class='ocrx_word' id='word_1_8' title='bbox 469 905 648 969; x_wconf 74' lang='lat' dir='ltr'><strong>conuehere,</strong></span> <span class='ocrx_word' id='word_1_9' title='bbox 675 903 727 976; x_wconf 90' lang='lat' dir='ltr'><strong>qui</strong></span> <span class='ocrx_word' id='word_1_10' title='bbox 752 908 837 962; x_wconf 84' lang='lat' dir='ltr'><strong>antea</strong></span> <span class='ocrx_word' id='word_1_11' title='bbox 860 902 896 958; x_wconf 91' lang='lat' dir='ltr'><strong>de</strong></span> <span class='ocrx_word' id='word_1_12' title='bbox 920 901 1131 960; x_wconf 85' lang='lat' dir='ltr'><strong>consuetudine</strong></span> <span class='ocrx_word' id='word_1_13' title='bbox 1155 917 1208 956; x_wconf 89' lang='lat' dir='ltr'><strong>seu</strong></span> <span class='ocrx_word' id='word_1_14' title='bbox 1241 902 1360 971; x_wconf 79' lang='lat' dir='ltr'><strong>Thomu,</strong></span> 
     </span>
    </p>

    <p class='ocr_par' dir='ltr' id='par_1_3' title="bbox 155 970 1352 1154">
     <span class='ocr_line' id='line_1_3' title="bbox 155 970 1333 1089; baseline -0.007 -39"><span class='ocrx_word' id='word_1_15' title='bbox 155 994 178 1019; x_wconf 91' lang='lat'>“</span> <span class='ocrx_word' id='word_1_16' title='bbox 198 997 309 1049; x_wconf 82' lang='lat' dir='ltr'><strong>stotuto</strong></span> <span class='ocrx_word' id='word_1_17' title='bbox 326 997 462 1047; x_wconf 89' lang='lat' dir='ltr'><strong>mutuare</strong></span> <span class='ocrx_word' id='word_1_18' title='bbox 476 1009 536 1046; x_wconf 89' lang='lat' dir='ltr'><strong>uon</strong></span> <span class='ocrx_word' id='word_1_19' title='bbox 550 990 655 1061; x_wconf 87' lang='lat' dir='ltr'><strong>potuit.</strong></span> <span class='ocrx_word' id='word_1_20' title='bbox 1255 970 1333 1089; x_wconf 45' lang='grc' dir='ltr'><strong>ἐξὲξ</strong></span> 
     </span>
     <span class='ocr_line' id='line_1_4' title="bbox 195 1044 1352 1154; baseline -0.006 -23"><span class='ocrx_word' id='word_1_21' title='bbox 195 1078 215 1104; x_wconf 87' lang='grc'><em>“</em></span> <span class='ocrx_word' id='word_1_22' title='bbox 227 1076 421 1132; x_wconf 90' lang='lat' dir='ltr'><strong>Prohibemus</strong></span> <span class='ocrx_word' id='word_1_23' title='bbox 441 1075 540 1138; x_wconf 83' lang='lat' dir='ltr'><strong>etium,</strong></span> <span class='ocrx_word' id='word_1_24' title='bbox 553 1073 670 1145; x_wconf 89' lang='lat' dir='ltr'><strong>nequis</strong></span> <span class='ocrx_word' id='word_1_25' title='bbox 683 1074 810 1129; x_wconf 62' lang='lat' dir='ltr'><strong>fratum</strong></span> <span class='ocrx_word' id='word_1_26' title='bbox 827 1075 994 1128; x_wconf 87' lang='lat' dir='ltr'><strong>nostrorum</strong></span> <span class='ocrx_word' id='word_1_27' title='bbox 1013 1070 1071 1127; x_wconf 89' lang='lat' dir='ltr'><strong>sibi</strong></span> <span class='ocrx_word' id='word_1_28' title='bbox 1089 1069 1210 1142; x_wconf 76' lang='lat' dir='ltr'><strong>aliquod</strong></span> <span class='ocrx_word' id='word_1_29' title='bbox 1267 1044 1352 1154; x_wconf 72' lang='lat' dir='ltr'><strong>le¹</strong></span> 
     </span>
    </p>

    <p class='ocr_par' dir='ltr' id='par_1_4' title="bbox 157 1155 1364 1232">
     <span class='ocr_line' id='line_1_5' title="bbox 157 1155 1364 1232; baseline -0.008 -16"><span class='ocrx_word' id='word_1_30' title='bbox 157 1162 180 1188; x_wconf 90' lang='lat'><strong>“</strong></span> <span class='ocrx_word' id='word_1_31' title='bbox 199 1161 326 1216; x_wconf 84' lang='lat' dir='ltr'><strong>cilicium</strong></span> <span class='ocrx_word' id='word_1_32' title='bbox 344 1177 397 1232; x_wconf 88' lang='lat' dir='ltr'><strong>per</strong></span> <span class='ocrx_word' id='word_1_33' title='bbox 414 1176 517 1231; x_wconf 85' lang='lat' dir='ltr'><strong>preces</strong></span> <span class='ocrx_word' id='word_1_34' title='bbox 529 1158 577 1215; x_wconf 90' lang='lat' dir='ltr'><strong>vel</strong></span> <span class='ocrx_word' id='word_1_35' title='bbox 594 1163 732 1222; x_wconf 86' lang='lat' dir='ltr'><strong>terrores,</strong></span> <span class='ocrx_word' id='word_1_36' title='bbox 747 1162 919 1228; x_wconf 79' lang='lat' dir='ltr'><strong>magnetum</strong></span> <span class='ocrx_word' id='word_1_37' title='bbox 938 1160 989 1211; x_wconf 85' lang='lat' dir='ltr'><strong>sut</strong></span> <span class='ocrx_word' id='word_1_38' title='bbox 1003 1155 1128 1211; x_wconf 81' lang='lat' dir='ltr'><strong>alierum</strong></span> <span class='ocrx_word' id='word_1_39' title='bbox 1145 1171 1211 1226; x_wconf 85' lang='lat' dir='ltr'><strong>per·</strong></span> <span class='ocrx_word' id='word_1_40' title='bbox 1242 1175 1364 1227; x_wconf 76' lang='lat' dir='ltr'><strong>lete-st.</strong></span> 
     </span>
    </p>

    <p class='ocr_par' dir='ltr' id='par_1_5' title="bbox 159 1238 1334 1315">
     <span class='ocr_line' id='line_1_6' title="bbox 159 1238 1334 1315; baseline -0.009 -14"><span class='ocrx_word' id='word_1_41' title='bbox 159 1247 339 1301; x_wconf 87' lang='lat' dir='ltr'><strong>“sonarum</strong></span> <span class='ocrx_word' id='word_1_42' title='bbox 365 1244 543 1307; x_wconf 87' lang='lat' dir='ltr'><strong>interventu,</strong></span> <span class='ocrx_word' id='word_1_43' title='bbox 572 1247 727 1315; x_wconf 85' lang='lat' dir='ltr'><strong>procuret:</strong></span> <span class='ocrx_word' id='word_1_44' title='bbox 758 1241 837 1312; x_wconf 91' lang='lat' dir='ltr'><strong>quod</strong></span> <span class='ocrx_word' id='word_1_45' title='bbox 864 1241 890 1295; x_wconf 90' lang='lat' dir='ltr'><strong>si</strong></span> <span class='ocrx_word' id='word_1_46' title='bbox 917 1240 983 1311; x_wconf 88' lang='lat' dir='ltr'><strong>quie</strong></span> <span class='ocrx_word' id='word_1_47' title='bbox 1009 1244 1111 1295; x_wconf 83' lang='lat' dir='ltr'><strong>contre</strong></span> <span class='ocrx_word' id='word_1_48' title='bbox 1135 1238 1211 1293; x_wconf 79' lang='lat' dir='ltr'><strong>hene</strong></span> <span class='ocrx_word' id='word_1_49' title='bbox 1268 1264 1334 1276; x_wconf 89' lang='lat'><em>-</em></span> 
     </span>
    </p>

    <p class='ocr_par' dir='ltr' id='par_1_6' title="bbox 159 1323 1211 1402">
     <span class='ocr_line' id='line_1_7' title="bbox 159 1323 1211 1402; baseline -0.007 -17"><span class='ocrx_word' id='word_1_50' title='bbox 159 1333 180 1358; x_wconf 82' lang='lat'><strong>‘⁶</strong></span> <span class='ocrx_word' id='word_1_51' title='bbox 199 1330 425 1402; x_wconf 76' lang='lat' dir='ltr'><strong>prohibitionem</strong></span> <span class='ocrx_word' id='word_1_52' title='bbox 442 1339 573 1385; x_wconf 90' lang='lat' dir='ltr'><strong>nostram</strong></span> <span class='ocrx_word' id='word_1_53' title='bbox 590 1329 693 1385; x_wconf 90' lang='lat' dir='ltr'><strong>venire</strong></span> <span class='ocrx_word' id='word_1_54' title='bbox 712 1328 862 1383; x_wconf 86' lang='lat' dir='ltr'><strong>convictus</strong></span> <span class='ocrx_word' id='word_1_55' title='bbox 881 1326 981 1392; x_wconf 80' lang='lat' dir='ltr'><strong>luerit,</strong></span> <span class='ocrx_word' id='word_1_56' title='bbox 1001 1330 1109 1396; x_wconf 81' lang='lat' dir='ltr'><strong>praeter</strong></span> <span class='ocrx_word' id='word_1_57' title='bbox 1129 1323 1211 1378; x_wconf 90' lang='lat' dir='ltr'><strong>inha-</strong></span> 
     </span>
    </p>

    <p class='ocr_par' dir='ltr' id='par_1_7' title="bbox 159 1407 1212 1485">
     <span class='ocr_line' id='line_1_8' title="bbox 159 1407 1212 1485; baseline -0.008 -15"><span class='ocrx_word' id='word_1_58' title='bbox 159 1417 181 1443; x_wconf 87' lang='lat'>“</span> <span class='ocrx_word' id='word_1_59' title='bbox 200 1413 346 1470; x_wconf 80' lang='lat' dir='ltr'><strong>bilitatem</strong></span> <span class='ocrx_word' id='word_1_60' title='bbox 365 1431 453 1485; x_wconf 86' lang='lat' dir='ltr'><strong>quarn</strong></span> <span class='ocrx_word' id='word_1_61' title='bbox 471 1415 545 1469; x_wconf 89' lang='lat' dir='ltr'><strong>tales</strong></span> <span class='ocrx_word' id='word_1_62' title='bbox 566 1430 620 1484; x_wconf 90' lang='lat' dir='ltr'><strong>per</strong></span> <span class='ocrx_word' id='word_1_63' title='bbox 644 1412 804 1467; x_wconf 89' lang='lat' dir='ltr'><strong>triennium</strong></span> <span class='ocrx_word' id='word_1_64' title='bbox 828 1411 979 1466; x_wconf 86' lang='lat' dir='ltr'><strong>incurrere</strong></span> <span class='ocrx_word' id='word_1_65' title='bbox 1001 1409 1148 1472; x_wconf 90' lang='lat' dir='ltr'><strong>volumus,</strong></span> <span class='ocrx_word' id='word_1_66' title='bbox 1174 1407 1212 1462; x_wconf 93' lang='lat' dir='ltr'><strong>ad</strong></span> 
     </span>
    </p>

    <p class='ocr_par' dir='ltr' id='par_1_8' title="bbox 160 1491 1210 1570">
     <span class='ocr_line' id='line_1_9' title="bbox 160 1491 1210 1570; baseline -0.008 -17"><span class='ocrx_word' id='word_1_67' title='bbox 160 1500 183 1526; x_wconf 85' lang='lat'><strong>“</strong></span> <span class='ocrx_word' id='word_1_68' title='bbox 202 1497 314 1570; x_wconf 76' lang='lat' dir='ltr'><strong>qumvis</strong></span> <span class='ocrx_word' id='word_1_69' title='bbox 332 1498 427 1553; x_wconf 83' lang='lat' dir='ltr'><strong>officia</strong></span> <span class='ocrx_word' id='word_1_70' title='bbox 443 1497 493 1553; x_wconf 91' lang='lat' dir='ltr'><strong>vel</strong></span> <span class='ocrx_word' id='word_1_71' title='bbox 510 1496 652 1552; x_wconf 86' lang='lat' dir='ltr'><strong>beneficia</strong></span> <span class='ocrx_word' id='word_1_72' title='bbox 669 1496 701 1551; x_wconf 90' lang='lat' dir='ltr'><strong>in</strong></span> <span class='ocrx_word' id='word_1_73' title='bbox 717 1501 819 1551; x_wconf 86' lang='lat' dir='ltr'><strong>nostra</strong></span> <span class='ocrx_word' id='word_1_74' title='bbox 843 1494 1027 1565; x_wconf 77' lang='lat' dir='ltr'><strong>professione</strong></span> <span class='ocrx_word' id='word_1_75' title='bbox 1046 1491 1210 1556; x_wconf 88' lang='lat' dir='ltr'><strong>obtinenda,</strong></span> 
     </span>
    </p>

    <p class='ocr_par' dir='ltr' id='par_1_9' title="bbox 160 1578 1210 1652">
     <span class='ocr_line' id='line_1_10' title="bbox 160 1578 1210 1652; baseline -0.006 -15"><span class='ocrx_word' id='word_1_76' title='bbox 160 1587 181 1611; x_wconf 81' lang='lat'><strong>‘⁶</strong></span> <span class='ocrx_word' id='word_1_77' title='bbox 200 1601 220 1637; x_wconf 89' lang='lat' dir='ltr'><strong>a</strong></span> <span class='ocrx_word' id='word_1_78' title='bbox 236 1582 453 1638; x_wconf 76' lang='lat' dir='ltr'><strong>curialitatibns</strong></span> <span class='ocrx_word' id='word_1_79' title='bbox 472 1581 706 1652; x_wconf 77' lang='lat' dir='ltr'><strong>quibuscunque,</strong></span> <span class='ocrx_word' id='word_1_80' title='bbox 726 1580 868 1636; x_wconf 84' lang='lat' dir='ltr'><strong>fratribus</strong></span> <span class='ocrx_word' id='word_1_81' title='bbox 882 1580 949 1634; x_wconf 89' lang='lat' dir='ltr'><strong>aliis</strong></span> <span class='ocrx_word' id='word_1_82' title='bbox 969 1579 1034 1635; x_wconf 90' lang='lat' dir='ltr'><strong>fieri</strong></span> <span class='ocrx_word' id='word_1_83' title='bbox 1051 1578 1210 1640; x_wconf 90' lang='lat' dir='ltr'><strong>consuetis,</strong></span> 
     </span>
    </p>

    <p class='ocr_par' dir='ltr' id='par_1_10' title="bbox 160 1662 1212 1738">
     <span class='ocr_line' id='line_1_11' title="bbox 160 1662 1212 1738; baseline -0.006 -17"><span class='ocrx_word' id='word_1_84' title='bbox 160 1670 181 1694; x_wconf 82' lang='lat'><strong>‘⁴</strong></span> <span class='ocrx_word' id='word_1_85' title='bbox 200 1683 255 1738; x_wconf 86' lang='lat' dir='ltr'><strong>per</strong></span> <span class='ocrx_word' id='word_1_86' title='bbox 272 1665 432 1730; x_wconf 87' lang='lat' dir='ltr'><strong>biennium,</strong></span> <span class='ocrx_word' id='word_1_87' title='bbox 454 1664 626 1736; x_wconf 88' lang='lat' dir='ltr'><strong>hujusmodi</strong></span> <span class='ocrx_word' id='word_1_88' title='bbox 647 1664 821 1721; x_wconf 84' lang='lat' dir='ltr'><strong>auctoritate</strong></span> <span class='ocrx_word' id='word_1_89' title='bbox 835 1663 955 1727; x_wconf 86' lang='lat' dir='ltr'><strong>Statuti,</strong></span> <span class='ocrx_word' id='word_1_90' title='bbox 968 1663 1100 1735; x_wconf 88' lang='lat' dir='ltr'><strong>privatos</strong></span> <span class='ocrx_word' id='word_1_91' title='bbox 1114 1662 1212 1717; x_wconf 87' lang='lat' dir='ltr'><strong>decer·</strong></span> 
     </span>
    </p>

    <p class='ocr_par' dir='ltr' id='par_1_11' title="bbox 161 1747 1212 1820">
     <span class='ocr_line' id='line_1_12' title="bbox 161 1747 1212 1820; baseline -0.005 -14"><span class='ocrx_word' id='word_1_92' title='bbox 161 1755 182 1779; x_wconf 90' lang='grc'>“</span> <span class='ocrx_word' id='word_1_93' title='bbox 201 1751 300 1806; x_wconf 88' lang='lat' dir='ltr'><strong>nimus</strong></span> <span class='ocrx_word' id='word_1_94' title='bbox 326 1751 390 1820; x_wconf 87' lang='lat' dir='ltr'><strong>ipsc</strong></span> <span class='ocrx_word' id='word_1_95' title='bbox 415 1750 501 1806; x_wconf 85' lang='lat' dir='ltr'><strong>facto.</strong></span> <span class='ocrx_word' id='word_1_96' title='bbox 539 1749 572 1805; x_wconf 91' lang='lat' dir='ltr'><strong>Si</strong></span> <span class='ocrx_word' id='word_1_97' title='bbox 596 1766 667 1804; x_wconf 90' lang='lat' dir='ltr'><strong>vero</strong></span> <span class='ocrx_word' id='word_1_98' title='bbox 693 1750 831 1819; x_wconf 85' lang='lat' dir='ltr'><strong>cuiquem</strong></span> <span class='ocrx_word' id='word_1_99' title='bbox 855 1748 996 1803; x_wconf 88' lang='lat' dir='ltr'><strong>monacho</strong></span> <span class='ocrx_word' id='word_1_100' title='bbox 1021 1748 1122 1818; x_wconf 83' lang='lat' dir='ltr'><strong>alique</strong></span> <span class='ocrx_word' id='word_1_101' title='bbox 1146 1747 1212 1802; x_wconf 91' lang='lat' dir='ltr'><strong>obe-</strong></span> 
     </span>
    </p>

    <p class='ocr_par' dir='ltr' id='par_1_12' title="bbox 162 1831 1212 1903">
     <span class='ocr_line' id='line_1_13' title="bbox 162 1831 1212 1903; baseline -0.005 -13"><span class='ocrx_word' id='word_1_102' title='bbox 162 1838 183 1864; x_wconf 84' lang='lat'><em>“</em></span> <span class='ocrx_word' id='word_1_103' title='bbox 201 1835 322 1898; x_wconf 88' lang='lat' dir='ltr'><strong>dientia,</strong></span> <span class='ocrx_word' id='word_1_104' title='bbox 350 1835 473 1890; x_wconf 83' lang='lat' dir='ltr'><strong>interior</strong></span> <span class='ocrx_word' id='word_1_105' title='bbox 490 1833 540 1890; x_wconf 92' lang='lat' dir='ltr'><strong>vel</strong></span> <span class='ocrx_word' id='word_1_106' title='bbox 563 1835 700 1898; x_wconf 88' lang='lat' dir='ltr'><strong>exterior,</strong></span> <span class='ocrx_word' id='word_1_107' title='bbox 720 1834 813 1888; x_wconf 82' lang='lat' dir='ltr'><strong>fuerit</strong></span> <span class='ocrx_word' id='word_1_108' title='bbox 835 1833 968 1903; x_wconf 85' lang='lat' dir='ltr'><strong>injuncte</strong></span> <span class='ocrx_word' id='word_1_109' title='bbox 990 1849 1044 1903; x_wconf 87' lang='lat' dir='ltr'><strong>per</strong></span> <span class='ocrx_word' id='word_1_110' title='bbox 1068 1848 1136 1886; x_wconf 89' lang='lat' dir='ltr'><strong>enm</strong></span> <span class='ocrx_word' id='word_1_111' title='bbox 1161 1831 1212 1901; x_wconf 92' lang='lat' dir='ltr'><strong>qni</strong></span> 
     </span>
    </p>

    <p class='ocr_par' dir='ltr' id='par_1_13' title="bbox 162 1916 1211 1990">
     <span class='ocr_line' id='line_1_14' title="bbox 162 1916 1211 1990; baseline -0.006 -16"><span class='ocrx_word' id='word_1_112' title='bbox 162 1921 304 1990; x_wconf 83' lang='lat' dir='ltr'><strong>“potens</strong></span> <span class='ocrx_word' id='word_1_113' title='bbox 328 1923 374 1973; x_wconf 91' lang='lat' dir='ltr'><strong>est</strong></span> <span class='ocrx_word' id='word_1_114' title='bbox 397 1935 462 1972; x_wconf 83' lang='lat' dir='ltr'><strong>eum</strong></span> <span class='ocrx_word' id='word_1_115' title='bbox 486 1918 679 1982; x_wconf 86' lang='lat' dir='ltr'><strong>committere,</strong></span> <span class='ocrx_word' id='word_1_116' title='bbox 700 1922 731 1972; x_wconf 91' lang='lat' dir='ltr'><strong>et</strong></span> <span class='ocrx_word' id='word_1_117' title='bbox 753 1916 942 1988; x_wconf 71' lang='lat' dir='ltr'><strong>pertinaciter</strong></span> <span class='ocrx_word' id='word_1_118' title='bbox 968 1933 1033 1970; x_wconf 86' lang='lat' dir='ltr'><strong>eam</strong></span> <span class='ocrx_word' id='word_1_119' title='bbox 1055 1916 1211 1985; x_wconf 86' lang='lat' dir='ltr'><strong>respuerit,</strong></span> 
     </span>
    </p>

    <p class='ocr_par' dir='ltr' id='par_1_14' title="bbox 162 1998 1212 2073">
     <span class='ocr_line' id='line_1_15' title="bbox 162 1998 1212 2073; baseline -0.006 -15"><span class='ocrx_word' id='word_1_120' title='bbox 162 2004 182 2032; x_wconf 83' lang='lat'><strong>⁴⁴</strong></span> <span class='ocrx_word' id='word_1_121' title='bbox 201 2019 237 2058; x_wconf 85' lang='lat' dir='ltr'><strong>sc</strong></span> <span class='ocrx_word' id='word_1_122' title='bbox 255 2001 344 2057; x_wconf 86' lang='lat' dir='ltr'><strong>etism</strong></span> <span class='ocrx_word' id='word_1_123' title='bbox 364 2019 500 2073; x_wconf 85' lang='lat' dir='ltr'><strong>expressa</strong></span> <span class='ocrx_word' id='word_1_124' title='bbox 518 2002 651 2073; x_wconf 88' lang='lat' dir='ltr'><strong>recipere</strong></span> <span class='ocrx_word' id='word_1_125' title='bbox 669 2000 859 2062; x_wconf 90' lang='lat' dir='ltr'><strong>recusaverit,</strong></span> <span class='ocrx_word' id='word_1_126' title='bbox 872 2000 971 2064; x_wconf 82' lang='lat' dir='ltr'><strong>telem,</strong></span> <span class='ocrx_word' id='word_1_127' title='bbox 984 2016 1018 2054; x_wconf 94' lang='lat' dir='ltr'><strong>ac</strong></span> <span class='ocrx_word' id='word_1_128' title='bbox 1032 1999 1096 2069; x_wconf 89' lang='lat' dir='ltr'><strong>ejus</strong></span> <span class='ocrx_word' id='word_1_129' title='bbox 1113 1998 1212 2053; x_wconf 83' lang='lat' dir='ltr'><strong>defen-</strong></span> 
     </span>
    </p>

    <p class='ocr_par' dir='ltr' id='par_1_15' title="bbox 163 2083 1211 2157">
     <span class='ocr_line' id='line_1_16' title="bbox 163 2083 1211 2157; baseline -0.005 -15"><span class='ocrx_word' id='word_1_130' title='bbox 163 2089 183 2114; x_wconf 91' lang='lat'>“</span> <span class='ocrx_word' id='word_1_131' title='bbox 203 2104 285 2142; x_wconf 88' lang='lat' dir='ltr'><strong>sores</strong></span> <span class='ocrx_word' id='word_1_132' title='bbox 310 2086 466 2157; x_wconf 89' lang='lat' dir='ltr'><strong>quoslibet,</strong></span> <span class='ocrx_word' id='word_1_133' title='bbox 494 2091 526 2141; x_wconf 89' lang='lat' dir='ltr'><strong>et</strong></span> <span class='ocrx_word' id='word_1_134' title='bbox 549 2087 688 2151; x_wconf 88' lang='lat' dir='ltr'><strong>fautores,</strong></span> <span class='ocrx_word' id='word_1_135' title='bbox 709 2086 736 2141; x_wconf 91' lang='lat' dir='ltr'><strong>si</strong></span> <span class='ocrx_word' id='word_1_136' title='bbox 754 2104 772 2140; x_wconf 88' lang='lat' dir='ltr'><strong>s</strong></span> <span class='ocrx_word' id='word_1_137' title='bbox 801 2102 855 2140; x_wconf 83' lang='lat' dir='ltr'><strong>sue</strong></span> <span class='ocrx_word' id='word_1_138' title='bbox 880 2084 1043 2156; x_wconf 72' lang='lat' dir='ltr'><strong>pertinacia</strong></span> <span class='ocrx_word' id='word_1_139' title='bbox 1067 2083 1211 2154; x_wconf 87' lang='lat' dir='ltr'><strong>increpati</strong></span> 
     </span>
    </p>

    <p class='ocr_par' dir='ltr' id='par_1_16' title="bbox 162 2167 1212 2241">
     <span class='ocr_line' id='line_1_17' title="bbox 162 2167 1212 2241; baseline -0.005 -15"><span class='ocrx_word' id='word_1_140' title='bbox 162 2173 182 2202; x_wconf 88' lang='lat'>“</span> <span class='ocrx_word' id='word_1_141' title='bbox 202 2175 233 2226; x_wconf 89' lang='lat' dir='ltr'><strong>et</strong></span> <span class='ocrx_word' id='word_1_142' title='bbox 250 2169 388 2240; x_wconf 81' lang='lat' dir='ltr'><strong>correpti,</strong></span> <span class='ocrx_word' id='word_1_143' title='bbox 416 2169 609 2240; x_wconf 79' lang='lat' dir='ltr'><strong>legitimeque</strong></span> <span class='ocrx_word' id='word_1_144' title='bbox 636 2169 752 2241; x_wconf 86' lang='lat' dir='ltr'><strong>moniti,</strong></span> <span class='ocrx_word' id='word_1_145' title='bbox 770 2186 829 2224; x_wconf 91' lang='lat' dir='ltr'><strong>non</strong></span> <span class='ocrx_word' id='word_1_146' title='bbox 846 2168 1023 2232; x_wconf 86' lang='lat' dir='ltr'><strong>destiterint,</strong></span> <span class='ocrx_word' id='word_1_147' title='bbox 1044 2168 1076 2222; x_wconf 90' lang='lat' dir='ltr'><strong>in</strong></span> <span class='ocrx_word' id='word_1_148' title='bbox 1094 2167 1212 2238; x_wconf 88' lang='lat' dir='ltr'><strong>seriptis</strong></span> 
     </span>
    </p>

    <p class='ocr_par' dir='ltr' id='par_1_17' title="bbox 163 2250 1213 2324">
     <span class='ocr_line' id='line_1_18' title="bbox 163 2250 1213 2324; baseline -0.004 -16"><span class='ocrx_word' id='word_1_149' title='bbox 163 2256 183 2282; x_wconf 82' lang='lat'><strong>‘⁶</strong></span> <span class='ocrx_word' id='word_1_150' title='bbox 204 2251 494 2310; x_wconf 77' lang='lat' dir='ltr'><strong>excommunicandos</strong></span> <span class='ocrx_word' id='word_1_151' title='bbox 510 2253 688 2324; x_wconf 88' lang='lat' dir='ltr'><strong>judicamus,</strong></span> <span class='ocrx_word' id='word_1_152' title='bbox 707 2258 738 2308; x_wconf 90' lang='lat' dir='ltr'><strong>et</strong></span> <span class='ocrx_word' id='word_1_153' title='bbox 757 2252 965 2323; x_wconf 74' lang='lat' dir='ltr'><strong>mancipandos</strong></span> <span class='ocrx_word' id='word_1_154' title='bbox 987 2250 1127 2307; x_wconf 75' lang='lat' dir='ltr'><strong>custodies</strong></span> <span class='ocrx_word' id='word_1_155' title='bbox 1150 2267 1213 2306; x_wconf 85' lang='lat' dir='ltr'><strong>osr-</strong></span> 
     </span>
    </p>

    <p class='ocr_par' dir='ltr' id='par_1_18' title="bbox 162 2338 1213 2493">
     <span class='ocr_line' id='line_1_19' title="bbox 162 2338 305 2393; baseline -0.007 0"><span class='ocrx_word' id='word_1_156' title='bbox 162 2340 183 2367; x_wconf 89' lang='lat'><strong>“</strong></span> <span class='ocrx_word' id='word_1_157' title='bbox 203 2338 305 2393; x_wconf 84' lang='lat' dir='ltr'><strong>carali.</strong></span> 
     </span>
     <span class='ocr_line' id='line_1_20' title="bbox 199 2418 1213 2493; baseline -0.005 -15"><span class='ocrx_word' id='word_1_158' title='bbox 199 2424 220 2452; x_wconf 86' lang='lat'>“</span> <span class='ocrx_word' id='word_1_159' title='bbox 234 2421 398 2478; x_wconf 77' lang='lat' dir='ltr'><strong>Stotuimus</strong></span> <span class='ocrx_word' id='word_1_160' title='bbox 416 2422 546 2493; x_wconf 86' lang='lat' dir='ltr'><strong>insuper,</strong></span> <span class='ocrx_word' id='word_1_161' title='bbox 570 2427 605 2477; x_wconf 95' lang='lat' dir='ltr'><strong>ut</strong></span> <span class='ocrx_word' id='word_1_162' title='bbox 622 2421 722 2476; x_wconf 90' lang='lat' dir='ltr'><strong>nullus</strong></span> <span class='ocrx_word' id='word_1_163' title='bbox 740 2438 871 2493; x_wconf 86' lang='lat' dir='ltr'><strong>prorsus,</strong></span> <span class='ocrx_word' id='word_1_164' title='bbox 890 2420 949 2476; x_wconf 90' lang='lat' dir='ltr'><strong>nisi</strong></span> <span class='ocrx_word' id='word_1_165' title='bbox 966 2437 1021 2492; x_wconf 86' lang='lat' dir='ltr'><strong>pro</strong></span> <span class='ocrx_word' id='word_1_166' title='bbox 1044 2419 1138 2475; x_wconf 86' lang='lat' dir='ltr'><strong>officio</strong></span> <span class='ocrx_word' id='word_1_167' title='bbox 1156 2418 1213 2474; x_wconf 92' lang='lat' dir='ltr'><strong>sibi</strong></span> 
     </span>
    </p>

    <p class='ocr_par' dir='ltr' id='par_1_19' title="bbox 161 2502 1211 2570">
     <span class='ocr_line' id='line_1_21' title="bbox 161 2502 1211 2570; baseline -0.005 -8"><span class='ocrx_word' id='word_1_168' title='bbox 161 2511 182 2535; x_wconf 88' lang='lat'><strong>“</strong></span> <span class='ocrx_word' id='word_1_169' title='bbox 202 2506 369 2570; x_wconf 87' lang='lat' dir='ltr'><strong>commisso,</strong></span> <span class='ocrx_word' id='word_1_170' title='bbox 389 2523 496 2570; x_wconf 87' lang='lat' dir='ltr'><strong>arcam,</strong></span> <span class='ocrx_word' id='word_1_171' title='bbox 518 2505 580 2562; x_wconf 87' lang='lat' dir='ltr'><strong>sive</strong></span> <span class='ocrx_word' id='word_1_172' title='bbox 599 2505 704 2562; x_wconf 82' lang='lat' dir='ltr'><strong>cistam</strong></span> <span class='ocrx_word' id='word_1_173' title='bbox 725 2523 793 2561; x_wconf 87' lang='lat' dir='ltr'><strong>cum</strong></span> <span class='ocrx_word' id='word_1_174' title='bbox 811 2505 903 2570; x_wconf 88' lang='lat' dir='ltr'><strong>clava,</strong></span> <span class='ocrx_word' id='word_1_175' title='bbox 924 2505 988 2560; x_wconf 89' lang='lat' dir='ltr'><strong>sive</strong></span> <span class='ocrx_word' id='word_1_176' title='bbox 1012 2502 1211 2566; x_wconf 77' lang='lat' dir='ltr'><strong>armariolum,</strong></span> 
     </span>
    </p>

    <p class='ocr_par' dir='ltr' id='par_1_20' title="bbox 163 2587 1215 2662">
     <span class='ocr_line' id='line_1_22' title="bbox 163 2587 1215 2662; baseline -0.005 -15"><span class='ocrx_word' id='word_1_177' title='bbox 163 2595 184 2620; x_wconf 90' lang='lat'>“</span> <span class='ocrx_word' id='word_1_178' title='bbox 204 2592 315 2662; x_wconf 90' lang='lat' dir='ltr'><strong>absque</strong></span> <span class='ocrx_word' id='word_1_179' title='bbox 335 2590 501 2662; x_wconf 81' lang='lat' dir='ltr'><strong>Superioris</strong></span> <span class='ocrx_word' id='word_1_180' title='bbox 518 2590 640 2646; x_wconf 86' lang='lat' dir='ltr'><strong>licentia</strong></span> <span class='ocrx_word' id='word_1_181' title='bbox 658 2591 786 2661; x_wconf 85' lang='lat' dir='ltr'><strong>speciali,</strong></span> <span class='ocrx_word' id='word_1_182' title='bbox 799 2590 929 2645; x_wconf 84' lang='lat' dir='ltr'><strong>detinere</strong></span> <span class='ocrx_word' id='word_1_183' title='bbox 941 2594 1117 2660; x_wconf 77' lang='lat' dir='ltr'><strong>praesumat3</strong></span> <span class='ocrx_word' id='word_1_184' title='bbox 1136 2587 1215 2660; x_wconf 92' lang='lat' dir='ltr'><strong>quod</strong></span> 
     </span>
    </p>

    <p class='ocr_par' dir='ltr' id='par_1_21' title="bbox 163 2672 1212 2746">
     <span class='ocr_line' id='line_1_23' title="bbox 163 2672 1212 2746; baseline -0.005 -14"><span class='ocrx_word' id='word_1_185' title='bbox 163 2679 184 2705; x_wconf 83' lang='lat'><strong>‘⁶</strong></span> <span class='ocrx_word' id='word_1_186' title='bbox 206 2693 273 2732; x_wconf 90' lang='lat' dir='ltr'><strong>cum</strong></span> <span class='ocrx_word' id='word_1_187' title='bbox 291 2675 430 2746; x_wconf 71' lang='lat' dir='ltr'><strong>praelatus</strong></span> <span class='ocrx_word' id='word_1_188' title='bbox 449 2675 562 2730; x_wconf 87' lang='lat' dir='ltr'><strong>clavem</strong></span> <span class='ocrx_word' id='word_1_189' title='bbox 579 2674 709 2746; x_wconf 88' lang='lat' dir='ltr'><strong>petierit,</strong></span> <span class='ocrx_word' id='word_1_190' title='bbox 729 2675 758 2730; x_wconf 88' lang='lat' dir='ltr'><strong>ei</strong></span> <span class='ocrx_word' id='word_1_191' title='bbox 776 2675 841 2730; x_wconf 90' lang='lat' dir='ltr'><strong>sine</strong></span> <span class='ocrx_word' id='word_1_192' title='bbox 864 2674 1036 2730; x_wconf 88' lang='lat' dir='ltr'><strong>difficultate</strong></span> <span class='ocrx_word' id='word_1_193' title='bbox 1059 2672 1212 2738; x_wconf 86' lang='lat' dir='ltr'><strong>tradatur;</strong></span> 
     </span>
    </p>

    <p class='ocr_par' dir='ltr' id='par_1_22' title="bbox 162 2757 1215 2830">
     <span class='ocr_line' id='line_1_24' title="bbox 162 2757 1215 2830; baseline -0.003 -16"><span class='ocrx_word' id='word_1_194' title='bbox 162 2763 183 2789; x_wconf 88' lang='lat'>“</span> <span class='ocrx_word' id='word_1_195' title='bbox 204 2759 336 2828; x_wconf 79' lang='lat' dir='ltr'><strong>alioquin</strong></span> <span class='ocrx_word' id='word_1_196' title='bbox 351 2777 417 2814; x_wconf 86' lang='lat' dir='ltr'><strong>eam</strong></span> <span class='ocrx_word' id='word_1_197' title='bbox 432 2758 621 2822; x_wconf 84' lang='lat' dir='ltr'><strong>detinentem,</strong></span> <span class='ocrx_word' id='word_1_198' title='bbox 635 2765 775 2829; x_wconf 84' lang='lat' dir='ltr'><strong>tanquam</strong></span> <span class='ocrx_word' id='word_1_199' title='bbox 786 2758 1023 2830; x_wconf 76' lang='lat' dir='ltr'><strong>proprietarium,</strong></span> <span class='ocrx_word' id='word_1_200' title='bbox 1034 2776 1068 2813; x_wconf 93' lang='lat' dir='ltr'><strong>eo</strong></span> <span class='ocrx_word' id='word_1_201' title='bbox 1082 2759 1148 2829; x_wconf 93' lang='lat' dir='ltr'><strong>ipso</strong></span> <span class='ocrx_word' id='word_1_202' title='bbox 1166 2757 1215 2812; x_wconf 94' lang='lat' dir='ltr'><strong>de-</strong></span> 
     </span>
    </p>

    <p class='ocr_par' dir='ltr' id='par_1_23' title="bbox 163 2841 1215 2914">
     <span class='ocr_line' id='line_1_25' title="bbox 163 2841 1215 2914; baseline -0.002 -15"><span class='ocrx_word' id='word_1_203' title='bbox 163 2848 183 2873; x_wconf 88' lang='lat'>“</span> <span class='ocrx_word' id='word_1_204' title='bbox 205 2844 353 2899; x_wconf 85' lang='lat' dir='ltr'><strong>cernimus</strong></span> <span class='ocrx_word' id='word_1_205' title='bbox 373 2842 563 2914; x_wconf 90' lang='lat' dir='ltr'><strong>puniendum.</strong></span> <span class='ocrx_word' id='word_1_206' title='bbox 601 2841 708 2898; x_wconf 86' lang='lat' dir='ltr'><strong>Adhuc</strong></span> <span class='ocrx_word' id='word_1_207' title='bbox 729 2843 895 2913; x_wconf 74' lang='lat' dir='ltr'><strong>adjiciendo</strong></span> <span class='ocrx_word' id='word_1_208' title='bbox 912 2860 1076 2906; x_wconf 89' lang='lat' dir='ltr'><strong>monemus,</strong></span> <span class='ocrx_word' id='word_1_209' title='bbox 1094 2848 1129 2897; x_wconf 92' lang='lat' dir='ltr'><strong>ut</strong></span> <span class='ocrx_word' id='word_1_210' title='bbox 1141 2841 1215 2897; x_wconf 91' lang='lat' dir='ltr'><strong>Obe-</strong></span> 
     </span>
    </p>

    <p class='ocr_par' dir='ltr' id='par_1_24' title="bbox 162 2927 1214 3000">
     <span class='ocr_line' id='line_1_26' title="bbox 162 2927 1214 3000; baseline -0.002 -17"><span class='ocrx_word' id='word_1_211' title='bbox 162 2933 184 2958; x_wconf 90' lang='lat'>“</span> <span class='ocrx_word' id='word_1_212' title='bbox 204 2929 354 2984; x_wconf 86' lang='lat' dir='ltr'><strong>dientiorii</strong></span> <span class='ocrx_word' id='word_1_213' title='bbox 380 2929 547 3000; x_wconf 86' lang='lat' dir='ltr'><strong>quicunque</strong></span> <span class='ocrx_word' id='word_1_214' title='bbox 575 2946 611 2982; x_wconf 88' lang='lat' dir='ltr'><strong>ex</strong></span> <span class='ocrx_word' id='word_1_215' title='bbox 636 2933 719 2999; x_wconf 89' lang='lat' dir='ltr'><strong>parte</strong></span> <span class='ocrx_word' id='word_1_216' title='bbox 747 2928 869 2984; x_wconf 80' lang='lat' dir='ltr'><strong>Abbatis</strong></span> <span class='ocrx_word' id='word_1_217' title='bbox 901 2928 1064 2983; x_wconf 85' lang='lat' dir='ltr'><strong>Dominicis</strong></span> <span class='ocrx_word' id='word_1_218' title='bbox 1094 2933 1125 2982; x_wconf 85' lang='lat' dir='ltr'><strong>et</strong></span> <span class='ocrx_word' id='word_1_219' title='bbox 1148 2927 1214 2982; x_wconf 90' lang='lat' dir='ltr'><strong>aliis</strong></span> 
     </span>
    </p>

    <p class='ocr_par' dir='ltr' id='par_1_25' title="bbox 162 3011 1215 3082">
     <span class='ocr_line' id='line_1_27' title="bbox 162 3011 1215 3082; baseline -0.004 -14"><span class='ocrx_word' id='word_1_220' title='bbox 162 3017 184 3042; x_wconf 88' lang='lat'><strong>“</strong></span> <span class='ocrx_word' id='word_1_221' title='bbox 205 3013 321 3068; x_wconf 81' lang='lat' dir='ltr'><strong>festivis</strong></span> <span class='ocrx_word' id='word_1_222' title='bbox 339 3011 452 3076; x_wconf 90' lang='lat' dir='ltr'><strong>diebus,</strong></span> <span class='ocrx_word' id='word_1_223' title='bbox 472 3012 638 3076; x_wconf 84' lang='lat' dir='ltr'><strong>Matutinis,</strong></span> <span class='ocrx_word' id='word_1_224' title='bbox 659 3011 812 3082; x_wconf 87' lang='lat' dir='ltr'><strong>Vesperis‚</strong></span> <span class='ocrx_word' id='word_1_225' title='bbox 833 3015 862 3067; x_wconf 86' lang='lat' dir='ltr'><strong>et</strong></span> <span class='ocrx_word' id='word_1_226' title='bbox 882 3011 982 3065; x_wconf 83' lang='lat' dir='ltr'><strong>Missoe</strong></span> <span class='ocrx_word' id='word_1_227' title='bbox 1005 3011 1122 3082; x_wconf 88' lang='lat' dir='ltr'><strong>Majori,</strong></span> <span class='ocrx_word' id='word_1_228' title='bbox 1148 3028 1215 3064; x_wconf 90' lang='lat' dir='ltr'><strong>oum</strong></span> 
     </span>
    </p>

    <p class='ocr_par' dir='ltr' id='par_1_26' title="bbox 162 3094 1215 3166">
     <span class='ocr_line' id='line_1_28' title="bbox 162 3094 1215 3166; baseline -0.002 -14"><span class='ocrx_word' id='word_1_229' title='bbox 162 3100 184 3126; x_wconf 82' lang='lat'><strong>‘⁴</strong></span> <span class='ocrx_word' id='word_1_230' title='bbox 205 3096 273 3153; x_wconf 87' lang='lat' dir='ltr'><strong>sliis</strong></span> <span class='ocrx_word' id='word_1_231' title='bbox 290 3096 431 3152; x_wconf 84' lang='lat' dir='ltr'><strong>fratribus</strong></span> <span class='ocrx_word' id='word_1_232' title='bbox 449 3098 567 3161; x_wconf 88' lang='lat' dir='ltr'><strong>nostris,</strong></span> <span class='ocrx_word' id='word_1_233' title='bbox 587 3096 725 3152; x_wconf 83' lang='lat' dir='ltr'><strong>studeant</strong></span> <span class='ocrx_word' id='word_1_234' title='bbox 741 3096 900 3160; x_wconf 88' lang='lat' dir='ltr'><strong>interesse;</strong></span> <span class='ocrx_word' id='word_1_235' title='bbox 919 3095 978 3150; x_wconf 90' lang='lat' dir='ltr'><strong>nisi</strong></span> <span class='ocrx_word' id='word_1_236' title='bbox 996 3113 1049 3166; x_wconf 89' lang='lat' dir='ltr'><strong>per</strong></span> <span class='ocrx_word' id='word_1_237' title='bbox 1066 3094 1215 3165; x_wconf 85' lang='lat' dir='ltr'><strong>hospitum</strong></span> 
     </span>
    </p>

    <p class='ocr_par' dir='ltr' id='par_1_27' title="bbox 163 3179 1216 3252">
     <span class='ocr_line' id='line_1_29' title="bbox 163 3179 1216 3252; baseline -0.005 -14"><span class='ocrx_word' id='word_1_238' title='bbox 163 3185 184 3211; x_wconf 88' lang='lat'><strong>“</strong></span> <span class='ocrx_word' id='word_1_239' title='bbox 205 3180 431 3252; x_wconf 71' lang='lat' dir='ltr'><strong>susceptionem,</strong></span> <span class='ocrx_word' id='word_1_240' title='bbox 451 3182 499 3237; x_wconf 90' lang='lat' dir='ltr'><strong>vel</strong></span> <span class='ocrx_word' id='word_1_241' title='bbox 517 3181 605 3236; x_wconf 87' lang='lat' dir='ltr'><strong>aliam</strong></span> <span class='ocrx_word' id='word_1_242' title='bbox 624 3179 790 3236; x_wconf 85' lang='lat' dir='ltr'><strong>evidentem</strong></span> <span class='ocrx_word' id='word_1_243' title='bbox 813 3179 946 3234; x_wconf 88' lang='lat' dir='ltr'><strong>eeclesisa</strong></span> <span class='ocrx_word' id='word_1_244' title='bbox 964 3179 1134 3242; x_wconf 89' lang='lat' dir='ltr'><strong>utilitatem,</strong></span> <span class='ocrx_word' id='word_1_245' title='bbox 1154 3179 1216 3233; x_wconf 79' lang='lat' dir='ltr'><strong>fue·</strong></span> 
     </span>
    </p>

    <p class='ocr_par' dir='ltr' id='par_1_28' title="bbox 163 3263 1215 3337">
     <span class='ocr_line' id='line_1_30' title="bbox 163 3263 1215 3337; baseline -0.003 -16"><span class='ocrx_word' id='word_1_246' title='bbox 163 3266 267 3321; x_wconf 88' lang='lat' dir='ltr'><strong>“rint</strong></span> <span class='ocrx_word' id='word_1_247' title='bbox 290 3264 444 3336; x_wconf 69' lang='lat' dir='ltr'><strong>impeditis</strong></span> <span class='ocrx_word' id='word_1_248' title='bbox 474 3282 564 3337; x_wconf 84' lang='lat' dir='ltr'><strong>super·</strong></span> <span class='ocrx_word' id='word_1_249' title='bbox 592 3265 699 3336; x_wconf 90' lang='lat' dir='ltr'><strong>quibus</strong></span> <span class='ocrx_word' id='word_1_250' title='bbox 726 3263 862 3319; x_wconf 88' lang='lat' dir='ltr'><strong>omnibus</strong></span> <span class='ocrx_word' id='word_1_251' title='bbox 891 3280 994 3318; x_wconf 89' lang='lat' dir='ltr'><strong>eorum</strong></span> <span class='ocrx_word' id='word_1_252' title='bbox 1024 3263 1215 3318; x_wconf 77' lang='lat' dir='ltr'><strong>conscientias</strong></span> 
     </span>
    </p>

    <p class='ocr_par' dir='ltr' id='par_1_29' title="bbox 165 3351 374 3406">
     <span class='ocr_line' id='line_1_31' title="bbox 165 3351 374 3406; baseline -0.019 1"><span class='ocrx_word' id='word_1_253' title='bbox 165 3351 188 3378; x_wconf 92' lang='grc'>“</span> <span class='ocrx_word' id='word_1_254' title='bbox 207 3366 374 3406; x_wconf 79' lang='lat' dir='ltr'><strong>oneremus.</strong></span> 
     </span>
    </p>
   </div>
   <div class='ocr_carea' id='block_1_3' title="bbox 163 3599 1218 3770">
    <p class='ocr_par' dir='ltr' id='par_1_30' title="bbox 163 3599 1218 3770">
     <span class='ocr_line' id='line_1_32' title="bbox 163 3599 1218 3688; baseline -0.004 -18"><span class='ocrx_word' id='word_1_255' title='bbox 163 3602 216 3670; x_wconf 81' lang='lat' dir='ltr'><strong>De</strong></span> <span class='ocrx_word' id='word_1_256' title='bbox 239 3599 426 3668; x_wconf 75' lang='lat' dir='ltr'><strong>Ocmcums’</strong></span> <span class='ocrx_word' id='word_1_257' title='bbox 455 3599 587 3686; x_wconf 58' lang='lat' dir='ltr'><strong>spillo,</strong></span> <span class='ocrx_word' id='word_1_258' title='bbox 620 3608 649 3666; x_wconf 83' lang='lat' dir='ltr'><strong>ct</strong></span> <span class='ocrx_word' id='word_1_259' title='bbox 671 3600 855 3667; x_wconf 71' lang='lat' dir='ltr'><strong>Prioribus</strong></span> <span class='ocrx_word' id='word_1_260' title='bbox 892 3599 1218 3688; x_wconf 61' lang='lat' dir='ltr'><strong>Gallorum—(lapi</strong></span> 
     </span>
     <span class='ocr_line' id='line_1_33' title="bbox 449 3701 935 3770; baseline -0.004 -2"><span class='ocrx_word' id='word_1_261' title='bbox 449 3702 564 3770; x_wconf 78' lang='lat' dir='ltr'><strong>telum</strong></span> <span class='ocrx_word' id='word_1_262' title='bbox 586 3701 729 3770; x_wconf 74' lang='lat' dir='ltr'><strong>Nervam</strong></span> <span class='ocrx_word' id='word_1_263' title='bbox 751 3701 935 3769; x_wconf 67' lang='lat' dir='ltr'><strong>decimenta.</strong></span> 
     </span>
    </p>
   </div>
   <div class='ocr_carea' id='block_1_4' title="bbox 165 3870 1385 4704">
    <p class='ocr_par' dir='ltr' id='par_1_31' title="bbox 203 3870 1385 3945">
     <span class='ocr_line' id='line_1_34' title="bbox 203 3870 1385 3945; baseline 0.003 -19"><span class='ocrx_word' id='word_1_264' title='bbox 203 3874 224 3903; x_wconf 80' lang='lat'><strong>‘⁴</strong></span> <span class='ocrx_word' id='word_1_265' title='bbox 237 3871 313 3943; x_wconf 77' lang='lat' dir='ltr'><strong>Quia</strong></span> <span class='ocrx_word' id='word_1_266' title='bbox 328 3870 381 3927; x_wconf 92' lang='lat' dir='ltr'><strong>ubi</strong></span> <span class='ocrx_word' id='word_1_267' title='bbox 398 3870 495 3944; x_wconf 89' lang='lat' dir='ltr'><strong>majus</strong></span> <span class='ocrx_word' id='word_1_268' title='bbox 513 3878 560 3929; x_wconf 91' lang='lat' dir='ltr'><strong>est</strong></span> <span class='ocrx_word' id='word_1_269' title='bbox 576 3871 750 3944; x_wconf 88' lang='lat' dir='ltr'><strong>perieulum,</strong></span> <span class='ocrx_word' id='word_1_270' title='bbox 766 3872 810 3928; x_wconf 89' lang='lat' dir='ltr'><strong>ibi</strong></span> <span class='ocrx_word' id='word_1_271' title='bbox 827 3873 1020 3945; x_wconf 91' lang='lat' dir='ltr'><strong>proculdubio</strong></span> <span class='ocrx_word' id='word_1_272' title='bbox 1041 3874 1156 3931; x_wconf 86' lang='lat' dir='ltr'><strong>cautius</strong></span> <span class='ocrx_word' id='word_1_273' title='bbox 1171 3881 1218 3930; x_wconf 91' lang='lat' dir='ltr'><strong>est</strong></span> <span class='ocrx_word' id='word_1_274' title='bbox 1230 3894 1271 3943; x_wconf 65' lang='lat'><strong>0„</strong></span> <span class='ocrx_word' id='word_1_275' title='bbox 1282 3892 1325 3942; x_wconf 84' lang='lat' dir='ltr'><strong>the</strong></span> <span class='ocrx_word' id='word_1_276' title='bbox 1337 3893 1385 3942; x_wconf 62' lang='lat' dir='ltr'><strong>due</strong></span> 
     </span>
    </p>

    <p class='ocr_par' dir='ltr' id='par_1_32' title="bbox 165 3956 1361 4199">
     <span class='ocr_line' id='line_1_35' title="bbox 165 3956 1361 4030; baseline -0.004 -18"><span class='ocrx_word' id='word_1_277' title='bbox 165 3961 186 3988; x_wconf 83' lang='lat'><strong>‘¹</strong></span> <span class='ocrx_word' id='word_1_278' title='bbox 206 3956 364 4030; x_wconf 81' lang='lat' dir='ltr'><strong>agendum,</strong></span> <span class='ocrx_word' id='word_1_279' title='bbox 384 3957 535 4029; x_wconf 89' lang='lat' dir='ltr'><strong>possitque</strong></span> <span class='ocrx_word' id='word_1_280' title='bbox 554 3975 589 4011; x_wconf 86' lang='lat' dir='ltr'><strong>ex</strong></span> <span class='ocrx_word' id='word_1_281' title='bbox 607 3956 767 4013; x_wconf 83' lang='lat' dir='ltr'><strong>indiscrete</strong></span> <span class='ocrx_word' id='word_1_282' title='bbox 785 3957 955 4015; x_wconf 79' lang='lat' dir='ltr'><strong>Communis</strong></span> <span class='ocrx_word' id='word_1_283' title='bbox 969 3959 1070 4030; x_wconf 86' lang='lat' dir='ltr'><strong>Sigilli</strong></span> <span class='ocrx_word' id='word_1_284' title='bbox 1083 3959 1217 4014; x_wconf 86' lang='lat' dir='ltr'><strong>custodia</strong></span> <span class='ocrx_word' id='word_1_285' title='bbox 1229 3975 1272 4010; x_wconf 87' lang='lat' dir='ltr'><strong>use</strong></span> <span class='ocrx_word' id='word_1_286' title='bbox 1283 3958 1361 4009; x_wconf 83' lang='lat' dir='ltr'><strong>ofthe</strong></span> 
     </span>
     <span class='ocr_line' id='line_1_36' title="bbox 167 4026 1352 4108; baseline 0.001 -11"><span class='ocrx_word' id='word_1_287' title='bbox 167 4045 187 4072; x_wconf 80' lang='lat'><strong>‘⁶</strong></span> <span class='ocrx_word' id='word_1_288' title='bbox 206 4043 239 4098; x_wconf 90' lang='lat' dir='ltr'><strong>in</strong></span> <span class='ocrx_word' id='word_1_289' title='bbox 254 4042 363 4097; x_wconf 89' lang='lat' dir='ltr'><strong>nostris</strong></span> <span class='ocrx_word' id='word_1_290' title='bbox 376 4041 560 4096; x_wconf 87' lang='lat' dir='ltr'><strong>Prioratibus</strong></span> <span class='ocrx_word' id='word_1_291' title='bbox 573 4039 712 4095; x_wconf 84' lang='lat' dir='ltr'><strong>domnum</strong></span> <span class='ocrx_word' id='word_1_292' title='bbox 723 4060 782 4097; x_wconf 90' lang='lat' dir='ltr'><strong>non</strong></span> <span class='ocrx_word' id='word_1_293' title='bbox 794 4043 950 4108; x_wconf 87' lang='lat' dir='ltr'><strong>modicum,</strong></span> <span class='ocrx_word' id='word_1_294' title='bbox 964 4050 1025 4099; x_wconf 85' lang='lat' dir='ltr'><strong>tam</strong></span> <span class='ocrx_word' id='word_1_295' title='bbox 1038 4044 1216 4098; x_wconf 85' lang='lat' dir='ltr'><strong>Monesterio</strong></span> <span class='ocrx_word' id='word_1_296' title='bbox 1229 4026 1352 4077; x_wconf 72' lang='lat'>0⁰¹¹¹¹¹¹⁰¹¹</span> 
     </span>
     <span class='ocr_line' id='line_1_37' title="bbox 167 4123 1295 4199; baseline 0 -17"><span class='ocrx_word' id='word_1_297' title='bbox 167 4130 187 4157; x_wconf 81' lang='lat'><strong>‘⁸</strong></span> <span class='ocrx_word' id='word_1_298' title='bbox 206 4132 315 4190; x_wconf 85' lang='lat' dir='ltr'><strong>nostro,</strong></span> <span class='ocrx_word' id='word_1_299' title='bbox 336 4143 425 4198; x_wconf 89' lang='lat' dir='ltr'><strong>quam</strong></span> <span class='ocrx_word' id='word_1_300' title='bbox 449 4125 523 4197; x_wconf 90' lang='lat' dir='ltr'><strong>ipsis</strong></span> <span class='ocrx_word' id='word_1_301' title='bbox 542 4123 734 4190; x_wconf 86' lang='lat' dir='ltr'><strong>Prioretibus,</strong></span> <span class='ocrx_word' id='word_1_302' title='bbox 755 4132 843 4197; x_wconf 91' lang='lat' dir='ltr'><strong>prout</strong></span> <span class='ocrx_word' id='word_1_303' title='bbox 862 4127 1042 4199; x_wconf 87' lang='lat' dir='ltr'><strong>temporibus</strong></span> <span class='ocrx_word' id='word_1_304' title='bbox 1060 4128 1216 4182; x_wconf 76' lang='lat' dir='ltr'><strong>transactis</strong></span> <span class='ocrx_word' id='word_1_305' title='bbox 1288 4130 1295 4142; x_wconf 85' lang='grc'><strong>”</strong></span> 
     </span>
    </p>

    <p class='ocr_par' dir='ltr' id='par_1_33' title="bbox 166 4208 1216 4284">
     <span class='ocr_line' id='line_1_38' title="bbox 166 4208 1216 4284; baseline -0.002 -16"><span class='ocrx_word' id='word_1_306' title='bbox 166 4217 187 4241; x_wconf 88' lang='grc'>“</span> <span class='ocrx_word' id='word_1_307' title='bbox 207 4213 408 4284; x_wconf 87' lang='lat' dir='ltr'><strong>experimento</strong></span> <span class='ocrx_word' id='word_1_308' title='bbox 417 4209 583 4272; x_wconf 87' lang='lat' dir='ltr'><strong>didicimus,</strong></span> <span class='ocrx_word' id='word_1_309' title='bbox 595 4208 799 4265; x_wconf 88' lang='lat' dir='ltr'><strong>verisimiliter</strong></span> <span class='ocrx_word' id='word_1_310' title='bbox 818 4212 953 4278; x_wconf 87' lang='lat' dir='ltr'><strong>evenire;</strong></span> <span class='ocrx_word' id='word_1_311' title='bbox 973 4211 1104 4266; x_wconf 87' lang='lat' dir='ltr'><strong>volentes</strong></span> <span class='ocrx_word' id='word_1_312' title='bbox 1123 4212 1216 4282; x_wconf 81' lang='lat' dir='ltr'><strong>igitur</strong></span> 
     </span>
    </p>

    <p class='ocr_par' dir='ltr' id='par_1_34' title="bbox 167 4293 1218 4366">
     <span class='ocr_line' id='line_1_39' title="bbox 167 4293 1218 4366; baseline 0.001 -16"><span class='ocrx_word' id='word_1_313' title='bbox 167 4300 187 4325; x_wconf 79' lang='lat'><strong>‘⁶</strong></span> <span class='ocrx_word' id='word_1_314' title='bbox 208 4294 378 4366; x_wconf 90' lang='lat' dir='ltr'><strong>hujusmodi</strong></span> <span class='ocrx_word' id='word_1_315' title='bbox 396 4293 536 4363; x_wconf 89' lang='lat' dir='ltr'><strong>periculis</strong></span> <span class='ocrx_word' id='word_1_316' title='bbox 555 4312 719 4364; x_wconf 85' lang='lat' dir='ltr'><strong>praeoavere</strong></span> <span class='ocrx_word' id='word_1_317' title='bbox 741 4295 932 4360; x_wconf 77' lang='lat' dir='ltr'><strong>infuturum,</strong></span> <span class='ocrx_word' id='word_1_318' title='bbox 952 4297 1107 4351; x_wconf 86' lang='lat' dir='ltr'><strong>statuimus</strong></span> <span class='ocrx_word' id='word_1_319' title='bbox 1128 4303 1163 4351; x_wconf 92' lang='lat' dir='ltr'><strong>ut</strong></span> <span class='ocrx_word' id='word_1_320' title='bbox 1186 4297 1218 4351; x_wconf 92' lang='lat' dir='ltr'><strong>in</strong></span> 
     </span>
    </p>

    <p class='ocr_par' dir='ltr' id='par_1_35' title="bbox 166 4377 1217 4450">
     <span class='ocr_line' id='line_1_40' title="bbox 166 4377 1217 4450; baseline 0.001 -16"><span class='ocrx_word' id='word_1_321' title='bbox 166 4383 187 4409; x_wconf 80' lang='lat'><strong>‘⁴</strong></span> <span class='ocrx_word' id='word_1_322' title='bbox 207 4378 322 4434; x_wconf 88' lang='lat' dir='ltr'><strong>eunetis</strong></span> <span class='ocrx_word' id='word_1_323' title='bbox 341 4377 527 4432; x_wconf 75' lang='lat' dir='ltr'><strong>Prior-atibus</strong></span> <span class='ocrx_word' id='word_1_324' title='bbox 545 4379 655 4432; x_wconf 85' lang='lat' dir='ltr'><strong>nostris</strong></span> <span class='ocrx_word' id='word_1_325' title='bbox 668 4378 829 4433; x_wconf 80' lang='lat' dir='ltr'><strong>Commune</strong></span> <span class='ocrx_word' id='word_1_326' title='bbox 843 4379 985 4450; x_wconf 86' lang='lat' dir='ltr'><strong>Sigillum</strong></span> <span class='ocrx_word' id='word_1_327' title='bbox 997 4380 1064 4445; x_wconf 89' lang='lat' dir='ltr'><strong>loci,</strong></span> <span class='ocrx_word' id='word_1_328' title='bbox 1082 4398 1116 4434; x_wconf 87' lang='lat' dir='ltr'><strong>ac</strong></span> <span class='ocrx_word' id='word_1_329' title='bbox 1128 4381 1217 4435; x_wconf 84' lang='lat' dir='ltr'><strong>etism</strong></span> 
     </span>
    </p>

    <p class='ocr_par' dir='ltr' id='par_1_36' title="bbox 168 4462 1219 4534">
     <span class='ocr_line' id='line_1_41' title="bbox 168 4462 1219 4534; baseline -0.001 -13"><span class='ocrx_word' id='word_1_330' title='bbox 168 4468 188 4493; x_wconf 90' lang='grc'><em>“</em></span> <span class='ocrx_word' id='word_1_331' title='bbox 210 4463 352 4534; x_wconf 80' lang='lat' dir='ltr'><strong>Sigillum</strong></span> <span class='ocrx_word' id='word_1_332' title='bbox 370 4462 408 4518; x_wconf 88' lang='lat' dir='ltr'><strong>ad</strong></span> <span class='ocrx_word' id='word_1_333' title='bbox 426 4480 538 4527; x_wconf 88' lang='lat' dir='ltr'><strong>causas,</strong></span> <span class='ocrx_word' id='word_1_334' title='bbox 558 4463 679 4518; x_wconf 89' lang='lat' dir='ltr'><strong>insimul</strong></span> <span class='ocrx_word' id='word_1_335' title='bbox 700 4480 768 4516; x_wconf 89' lang='lat' dir='ltr'><strong>oum</strong></span> <span class='ocrx_word' id='word_1_336' title='bbox 788 4463 884 4518; x_wconf 89' lang='lat' dir='ltr'><strong>tribus</strong></span> <span class='ocrx_word' id='word_1_337' title='bbox 903 4464 1034 4518; x_wconf 88' lang='lat' dir='ltr'><strong>clavibus</strong></span> <span class='ocrx_word' id='word_1_338' title='bbox 1053 4464 1219 4520; x_wconf 83' lang='lat' dir='ltr'><strong>custodiun-</strong></span> 
     </span>
    </p>

    <p class='ocr_par' dir='ltr' id='par_1_37' title="bbox 169 4547 1218 4620">
     <span class='ocr_line' id='line_1_42' title="bbox 169 4547 1218 4620; baseline -0.001 -15"><span class='ocrx_word' id='word_1_339' title='bbox 169 4553 189 4577; x_wconf 89' lang='lat'>“</span> <span class='ocrx_word' id='word_1_340' title='bbox 209 4555 277 4605; x_wconf 84' lang='lat' dir='ltr'><strong>tur:</strong></span> <span class='ocrx_word' id='word_1_341' title='bbox 298 4565 423 4620; x_wconf 86' lang='lat' dir='ltr'><strong>quarum</strong></span> <span class='ocrx_word' id='word_1_342' title='bbox 440 4565 498 4602; x_wconf 83' lang='lat' dir='ltr'><strong>uns</strong></span> <span class='ocrx_word' id='word_1_343' title='bbox 515 4565 604 4619; x_wconf 90' lang='lat' dir='ltr'><strong>panes</strong></span> <span class='ocrx_word' id='word_1_344' title='bbox 622 4547 766 4612; x_wconf 89' lang='lat' dir='ltr'><strong>Priorem,</strong></span> <span class='ocrx_word' id='word_1_345' title='bbox 780 4548 895 4618; x_wconf 86' lang='lat' dir='ltr'><strong>reliqua</strong></span> <span class='ocrx_word' id='word_1_346' title='bbox 911 4565 1001 4618; x_wconf 86' lang='lat' dir='ltr'><strong>penes</strong></span> <span class='ocrx_word' id='word_1_347' title='bbox 1017 4547 1218 4620; x_wconf 88' lang='lat' dir='ltr'><strong>Suppriorem‚</strong></span> 
     </span>
    </p>

    <p class='ocr_par' dir='ltr' id='par_1_38' title="bbox 169 4630 1220 4704">
     <span class='ocr_line' id='line_1_43' title="bbox 169 4630 1220 4704; baseline 0.003 -15"><span class='ocrx_word' id='word_1_348' title='bbox 169 4637 189 4662; x_wconf 91' lang='grc'>“</span> <span class='ocrx_word' id='word_1_349' title='bbox 211 4640 241 4689; x_wconf 89' lang='lat' dir='ltr'><strong>et</strong></span> <span class='ocrx_word' id='word_1_350' title='bbox 265 4633 354 4689; x_wconf 87' lang='lat' dir='ltr'><strong>tertia</strong></span> <span class='ocrx_word' id='word_1_351' title='bbox 377 4649 468 4704; x_wconf 91' lang='lat' dir='ltr'><strong>penes</strong></span> <span class='ocrx_word' id='word_1_352' title='bbox 493 4630 622 4701; x_wconf 88' lang='lat' dir='ltr'><strong>aliquem</strong></span> <span class='ocrx_word' id='word_1_353' title='bbox 640 4633 760 4687; x_wconf 87' lang='lat' dir='ltr'><strong>fratrem</strong></span> <span class='ocrx_word' id='word_1_354' title='bbox 785 4631 821 4686; x_wconf 90' lang='lat' dir='ltr'><strong>de</strong></span> <span class='ocrx_word' id='word_1_355' title='bbox 848 4650 905 4701; x_wconf 88' lang='lat' dir='ltr'><strong>quc</strong></span> <span class='ocrx_word' id='word_1_356' title='bbox 929 4631 1096 4689; x_wconf 84' lang='lat' dir='ltr'><strong>Conventus</strong></span> <span class='ocrx_word' id='word_1_357' title='bbox 1120 4633 1220 4703; x_wconf 86' lang='lat' dir='ltr'><strong>provi·</strong></span> 
     </span>
    </p>
   </div>
   <div class='ocr_carea' id='block_1_5' title="bbox 0 0 1541 5452">
    <p class='ocr_par' dir='ltr' id='par_1_39' title="bbox 0 0 1541 5452">
     <span class='ocr_line' id='line_1_44' title="bbox 0 0 1541 5452; baseline 0 0"><span class='ocrx_word' id='word_1_358' title='bbox 0 0 1541 5452; x_wconf 95' lang='lat' dir='ltr'><strong> </strong></span> 
     </span>
    </p>
   </div>
  </div>
 </body>
</html>
