3038 5452
436 691 644 740 noussrnmr
667 692 786 741 siren
809 692 944 742 sasiri.
1179 681 1217 742 21

155 884 178 908 ‘⁴
202 880 366 937 habuimus
383 880 415 935 in
432 879 619 936 advocatione
644 879 795 936 Prioratus
813 881 957 952 praedicti,
978 899 1030 937 seu
1047 881 1111 952 ejus
1129 882 1218 954 perti·
1238 891 1307 943 John
1322 893 1380 954 111,

154 969 178 993 ‘⁴
200 966 314 1021 nentiis
333 965 572 1036 quibuscunque:
599 965 730 1021 volentes
749 971 779 1020 ct
797 966 996 1033 concedentes,
1015 984 1069 1038 pro
1085 967 1169 1022 nobis
1187 971 1218 1022 et
1281 960 1341 1009 Μ

155 1055 179 1076 “
202 1049 375 1105 haeredibus
393 1050 511 1120 nostris,
532 1050 609 1120 quod
627 1049 787 1121 pradictus
799 1049 900 1104 Abbas
919 1049 955 1104 de
974 1049 1080 1131 Sancto
1092 1048 1213 1116 Albano,
1262 1026 1359 1142 Ἠοῧ

155 1137 179 1161 “
202 1141 236 1189 et
256 1133 390 1204 ejusdem
406 1132 463 1189 loci
483 1133 659 1198 Conventus,
673 1134 799 1189 habeant
817 1139 847 1188 et
864 1139 982 1189 teneant
999 1134 1215 1192 advocationem
1231 1130 1385 1210 leco-leot.

157 1222 180 1245 ‘⁶
199 1217 387 1290 praedictam,
407 1235 476 1272 eum
493 1218 689 1289 pertinentiis,
708 1224 743 1272 ut
763 1218 814 1290 jus
839 1217 970 1273 eeclesiae
989 1237 1050 1273 suas
1067 1219 1215 1290 praedicta
1271 1252 1340 1266 —

156 1306 180 1329 ‘⁸
203 1302 245 1356 de
265 1301 372 1356 Sancto
390 1300 512 1364 Albano,
533 1302 589 1357 sibi
608 1307 639 1357 et
657 1303 874 1358 successoribus
893 1303 964 1367 suis,
985 1302 1048 1357 sine
1066 1304 1215 1358 occasione

157 1392 181 1414 “
202 1385 257 1440 vel
274 1384 482 1456 impedimento
499 1386 592 1441 nostri
620 1386 668 1440 vel
693 1385 844 1440 haeredum
867 1393 1043 1451 nostrorum,
1066 1388 1097 1441 in
1114 1405 1215 1459 perpe·

157 1475 182 1499 “
203 1477 302 1526 tuum.
358 1469 395 1523 In
412 1469 497 1541 eujus
523 1470 567 1524 rei
585 1469 795 1535 testimonium,
815 1471 868 1525 has
887 1470 1001 1526 litteras
1019 1476 1133 1527 nostres
1151 1472 1215 1526 fieri

155 1559 180 1583 “
203 1553 331 1610 fecimus
360 1558 501 1624 petentes.
547 1554 633 1608 Teste
663 1554 784 1625 meipso,
811 1553 889 1625 apud
911 1555 1213 1622 westmonasterium,

156 1644 181 1668 ‘⁶
205 1637 332 1709 septimo
349 1635 397 1692 die
415 1635 498 1702 Maii,
518 1655 592 1692 anno
609 1637 695 1709 regni
712 1639 804 1693 nostri
823 1638 962 1693 vicesimo
980 1638 1135 1694 secundo.’'

158 1976 215 2043 De
253 1975 376 2062 Priore
413 1976 452 2042 cle
489 1975 705 2063 Pyctemalle,
736 1983 767 2042 et
802 1976 1007 2063 quibasdam
1039 1976 1214 2043 owoncbie

255 2077 390 2157 ibidem,
413 2078 524 2146 eidem
552 2078 595 2146 la
624 2101 690 2144 sao
719 2079 894 2145 rebellione
923 2087 1041 2146 ceretro
1071 2079 1213 2167 praedio-

256 2188 333 2247 tum
361 2180 522 2247 Abbolem
554 2180 812 2260 adherentibus,
843 2181 890 2246 od
920 2182 1086 2249 Sanctum
1107 2182 1212 2250 Albo-

254 2306 344 2350 num
366 2283 519 2350 obductis
541 2290 571 2349 et
592 2283 719 2349 ibidem
740 2283 968 2350 incarceratis.

212 2494 324 2586 Hujus
345 2500 510 2565 Johannis
539 2498 683 2564 Abbatis
712 2519 800 2562 enno
830 2499 957 2584 quinto,
987 2498 1134 2585 perlatus
1163 2505 1213 2567 est
1227 2501 1380 2554 TheAbbot

169 2624 278 2668 rumor
308 2601 352 2666 ad
381 2624 456 2666 eum
487 2599 575 2685 quod
606 2600 701 2665 Prior
738 2600 779 2665 de
809 2600 1015 2679 Thinemuta,
1045 2601 1104 2688 qui
1133 2569 1362 2686 tunciffisst

170 2705 283 2787 fueret,
315 2704 451 2769 “Adam
483 2702 523 2769 de
554 2703 691 2790 Tewing
706 2703 722 2727 ”
753 2704 944 2790 appellatus,
976 2725 1064 2770 nova
1100 2705 1212 2771 molie-
1224 2703 1346 2820 ffioffi

170 2806 267 2873 batur
303 2805 435 2882 ibidem,
466 2812 501 2871 et
530 2806 689 2885 insolita3
723 2813 766 2885 et,
804 2806 892 2871 inter
928 2810 1054 2885 caetera,
1085 2808 1213 2873 Abbati
1225 2836 1301 2885 about
1311 2843 1338 2884 ω

173 2931 227 2975 suo
240 2910 391 2975 resistere
406 2914 441 2974 et
460 2908 618 2973 rebellare
635 2907 782 2993 parabat.
817 2907 932 2973 Abbas
946 2930 1034 2989 vero,
1050 2932 1128 2975 mox
1143 2931 1212 2973 rem
1224 2901 1312 3016 ms
1313 2973 1324 3015 t

173 3013 306 3078 relatam
333 3013 427 3096 quasi
452 3033 511 3097 pro
534 3015 700 3096 comperto
726 3009 859 3086 habens,
885 3017 1017 3077 uteret
1041 3010 1145 3076 facilis
1170 3010 1212 3074 ad
1225 3018 1285 3083 hini

174 3114 367 3181 eredendum
391 3113 431 3179 de
455 3136 489 3178 se
513 3114 655 3190 sinistre,
679 3111 796 3191 'illieo,
819 3135 919 3197 quam
949 3116 1069 3178 secrete
1092 3111 1211 3197 potuit,

175 3237 281 3283 versus
308 3216 583 3282 Nerthumbriam
606 3215 693 3302 cepit
716 3215 781 3279 iter
793 3238 801 3294 ;
830 3219 873 3292 et,
898 3214 941 3278 ad
968 3214 1103 3278 Novum
1134 3214 1213 3281 cas-
1226 3213 1381 3294 monebor

176 3322 257 3384 trum
282 3318 485 3406 perveniens,
515 3318 696 3406 composuit
725 3338 800 3382 cum
831 3316 955 3402 Majore
986 3315 1082 3382 dictae
1112 3289 1363 3399 villae,¹1²i{¹,l,⁸{,{it,

177 3427 208 3487 ut
232 3420 309 3488 eum
338 3420 531 3508 perduceret
562 3421 605 3484 ad
631 3417 864 3485 Thinemutum
893 3439 968 3484 cum
997 3385 1372 3532 mffliiiuffissefflss'

177 3532 382 3604 armatorum,
406 3530 528 3589 secrete
549 3527 671 3605 tamen,
693 3529 727 3589 et
751 3528 944 3602 noctanter3
977 3545 1019 3588 ne
1044 3523 1128 3590 forte
1158 3529 1210 3589 tu·
1224 3547 1286 3597 ,iq
1297 3548 1339 3600 th,

177 3629 294 3693 multus
316 3626 444 3691 dietum
467 3625 612 3692 Priorem
634 3624 785 3690 redderet
807 3624 1048 3711 praemunitum.
1225 3614 1323 3679 Msyor.

215 3730 279 3796 Sed
302 3751 355 3794 res
370 3728 435 3793 ista
451 3748 520 3792 non
542 3728 653 3815 potuit
673 3727 821 3814 expediri
837 3728 890 3792 vel
912 3728 1032 3813 perfici,
1047 3728 1117 3793 sine
1137 3750 1210 3793 con-

179 3831 321 3898 niventia
350 3829 522 3916 cujusdam
547 3830 628 3895 civis
654 3829 695 3895 de
725 3830 823 3895 Novo
854 3828 981 3908 Castro,
1009 3830 1063 3895 cui
1092 3852 1213 3896 nomen

180 3939 241 4000 eret
279 3932 473 3998 “Henrieus
511 3931 628 4013 Scot;''
668 3932 725 4019 qui
755 3931 863 3998 fueret
892 3932 1064 3997 familiaris
1100 3931 1213 4010 Priori,

180 4041 208 4098 et
234 4036 362 4101 cunctis
388 4036 425 4100 in
455 4035 588 4100 castello
618 4034 843 4111 familiaribus,
874 4035 999 4099 ratione
1029 4034 1214 4099 dilectionis

179 4133 258 4203 iuter
287 4138 433 4203 Priorem
463 4142 498 4202 et
528 4138 644 4224 ipsum,
674 4135 875 4201 honorabilis
906 4141 940 4201 et
976 4143 1133 4223 aceeptus.
1180 4138 1214 4201 Is

179 4258 248 4304 vero
270 4240 444 4319 Henricus,
475 4241 598 4305 accitus
628 4239 671 4304 ad
694 4238 838 4304 Abbatis
860 4238 1065 4323 colloquium,
1093 4238 1215 4302 confes-

181 4339 234 4406 tim
261 4348 300 4408 ut
322 4342 477 4428 cognovit
499 4342 665 4408 Abbatem
688 4342 773 4407 velle
799 4340 894 4405 illum
924 4340 1086 4406 uberrime
1107 4361 1215 4406 remu-

571 4629 577 4660 ¹
591 4627 645 4678 ilico
659 4629 684 4677 in
698 4629 752 4679 MS.
