3038 5452
413 1211 719 1292 APPEN'DIX
741 1211 820 1293 (C.)

400 1372 456 1424 MS.
470 1372 590 1425 Claudius
601 1373 632 1424 hl.
644 1373 680 1426 iv.
690 1372 733 1425 fol.
745 1375 794 1424 375
805 1387 828 1423 a.

91 1630 158 1698 Isti
181 1637 266 1697 siml
288 1628 460 1696 ¹Artc'culi
483 1631 681 1696 observandi
704 1631 797 1696 iuter
819 1631 957 1697 Fratres
975 1630 1140 1718 professos

132 1736 264 1799 Dorcas
287 1731 407 1799 Sancti
429 1732 584 1811 Julicac',
602 1732 705 1818 jaasia
726 1732 895 1799 Sancum
917 1731 1105 1800 Albanum.

123 1874 143 1900 “
157 1871 233 1927 Cum
250 1871 328 1925 inter
340 1887 439 1925 omncs
451 1870 638 1925 infirmitates
651 1869 771 1924 morbus
783 1868 874 1940 lepras
889 1870 1140 1941 contemptibilior

90 1959 108 1984 “
126 1956 278 2018 habeatur,
297 1954 340 2008 hii
359 1954 481 2025 quitali
499 1954 600 2008 morbo
619 1958 688 2009 sunt
706 1952 849 2025 percussi,
871 1952 999 2023 singulis
1018 1953 1090 2009 locis
1110 1961 1140 2012 ct

90 2042 108 2067 “
127 2038 317 2109 temporibus,
336 2043 397 2093 tam
415 2042 502 2109 gestu
521 2055 609 2108 quam
627 2036 739 2101 habitu,
753 2036 868 2092 caeteris
887 2036 1055 2092 hominibus
1074 2055 1140 2093 con·

91 2125 109 2151 “
127 2121 352 2193 temptibilicres
383 2126 413 2176 ct
441 2121 538 2193 magis
565 2121 692 2176 humiles
721 2138 752 2176 so
783 2120 891 2176 debent
911 2125 1139 2192 repraesentar03

92 2209 110 2234 “
130 2207 246 2262 dicente
264 2204 390 2260 Domino
409 2205 440 2259 in
456 2202 665 2271 ²Levitieo,-‘
675 2205 848 2276 Quicunque
867 2205 1031 2261 maculatus
1053 2206 1144 2262 fuerit

91 2293 110 2319 ‘⁴
132 2290 244 2361 ‘lepra
263 2288 383 2346 habebit
406 2289 585 2345 vestimenta
608 2289 731 2355 dissuta,
751 2295 840 2362 caput
862 2289 984 2355 nudum,
1004 2306 1036 2344 cs
1059 2295 1142 2347 veste

92 2379 110 2404 “
131 2378 327 2441 ‘contectum
361 2373 590 2431 contaminatum
619 2391 653 2430 ac
685 2373 836 2430 sordidum
862 2391 894 2430 se
922 2374 1062 2430 clamabit
1074 2396 1082 2442 ς
1113 2382 1144 2432 et

91 2463 110 2487 ‘⁶
132 2459 234 2514 ‘omni
251 2464 384 2531 tempore
403 2476 461 2528 quo
479 2459 614 2530 leprosus
633 2465 688 2525 est,
710 2465 741 2515 ct
764 2457 943 2524 immundus,
964 2459 1043 2514 solus
1061 2459 1144 2514 habi·

92 2547 111 2571 “
133 2544 229 2599 ‘tabit
248 2549 330 2598 extra
348 2542 464 2598 castra?
502 2543 567 2599 Nec
586 2551 706 2615 propter
719 2542 775 2598 hoc
794 2543 950 2615 desperare
963 2543 1078 2608 debent,
1093 2550 1145 2599 aut

92 2632 111 2657 ‘¹
132 2634 232 2684 contra
251 2628 348 2683 Deum
365 2645 569 2695 mmmurare;
597 2628 650 2685 sed
666 2629 763 2699 potins
783 2645 851 2684 eum
869 2629 988 2684 laudare
1006 2635 1037 2684 et
1054 2629 1144 2699 glori·

92 2716 111 2742 ⁴‘
133 2714 229 2780 ficare,
250 2713 311 2784 qui,
333 2731 400 2768 cum
427 2713 533 2769 ductus
559 2714 650 2768 fuerit
676 2714 713 2768 ad
738 2720 872 2781 mortem,
900 2713 1025 2786 leprosis
1048 2713 1144 2769 voluit

92 2800 111 2825 ‘⁴
131 2797 310 2868 comparari;
336 2803 411 2852 teste
431 2797 537 2863 ”Isaia
561 2798 612 2869 qui
631 2798 729 2864 ait,—‘
740 2799 780 2854 Et
798 2817 851 2854 nos
880 2799 1049 2871 putavimus
1075 2816 1142 2853 eum

92 2885 111 2910 “
133 2883 314 2954 ‘leprosum
342 2899 515 2954 percussum
533 2900 551 2936 a
569 2881 641 2949 Deo,
662 2889 693 2939 et
718 2882 943 2948 humiliatum3’
972 2888 1142 2938 revocantes

93 2969 111 2994 “
131 2966 169 3021 ad
186 2965 358 3021 memoriam
377 2967 456 3022 beati
475 2965 495 3020 J
496 2967 542 3032 ob,
564 2967 616 3038 qui
634 2985 702 3023 oum
720 2985 879 3039 percussus
899 2973 977 3023 esset
995 2967 1085 3038 lepra,
1100 2967 1143 3023 ita

93 3053 112 3078 “
133 3051 210 3121 quod
228 3069 246 3106 a
263 3050 363 3121 planta
376 3049 457 3121 pedis
476 3051 620 3121 usquead
637 3051 779 3107 verticem
797 3051 902 3123 capitis
919 3052 1047 3107 nonfuit
1064 3051 1095 3106 in
1108 3069 1142 3107 eo

92 3139 111 3162 ‘⁴
132 3133 250 3201 sanitas,
269 3134 345 3190 nihil
363 3134 487 3190 stultum
505 3139 606 3191 contra
624 3135 721 3192 Deum
738 3135 853 3192 locutus
872 3140 925 3192 est.

276 3359 328 3424 ne
351 3357 422 3425 aaa
445 3358 641 3446 nostrata
664 3357 785 3426 sanat
807 3357 960 3426 relata.

127 3501 146 3525 “
166 3496 242 3555 (inm
269 3498 363 3570 igitur
389 3499 545 3570 Hospitale
573 3499 673 3555 Sancti
702 3498 824 3564 Juliani,
850 3499 936 3570 juxta
960 3500 1081 3557 boscum
1108 3502 1144 3558 de

91 3586 110 3609 ‘⁴
130 3583 266 3655 Eywode,
281 3583 317 3638 ab
329 3583 444 3639 Abbate
463 3589 493 3638 et
505 3583 658 3640 Conventu
678 3582 778 3639 Sancti
790 3582 900 3638 Albani
917 3592 1038 3658 propter
1049 3588 1144 3659 lepro-

92 3669 111 3692 “
131 3684 178 3722 sos
198 3667 365 3739 specialiter
384 3669 424 3722 sit
442 3667 606 3733 fundatum,
628 3673 658 3722 et
679 3685 715 3722 ex
741 3667 791 3738 pia
814 3668 967 3726 collatione
986 3671 1146 3744 eleemosy-

92 3754 110 3777 “
129 3769 235 3807 narum
253 3753 414 3808 eorundem
433 3759 478 3808 est
497 3758 714 3820 sustentatum
743 3753 828 3825 cujus
847 3755 1009 3828 dispositio,
1029 3762 1090 3811 tam
1114 3757 1146 3811 in

91 3836 336 3906 “spiritualibus
365 3854 453 3908 quam
481 3837 513 3890 in
539 3837 763 3909 temporalibus,
782 3839 820 3893 ad
846 3840 971 3894 cundem
988 3838 1143 3904 Abbatem,

91 3921 110 3947 ‘⁴
129 3919 187 3975 loci
206 3920 337 3992 ejusdem
355 3920 517 3975 Patronum
536 3926 566 3976 et
584 3920 784 3987 ordinarium,
804 3924 953 3994 pertinere
965 3921 1142 3979 dinoscitur:

92 4007 111 4032 “
130 4022 183 4059 nos
201 4011 324 4076 paterna
342 4004 542 4060 sollicitudine
559 4004 744 4060 honestatem
759 4002 835 4061 'dicti
853 4005 1019 4076 hospitalis,
1033 4023 1145 4061 necnon

92 4089 110 4114 “
131 4092 160 4143 et
172 4088 342 4153 utilitatem,
358 4088 519 4144 secundum
538 4087 644 4153 Deum,
666 4088 891 4153 considerantes,
912 4088 1048 4143 volumus
1067 4089 1146 4159 quod

91 4172 112 4199 ‘⁴
131 4172 237 4228 fratres
255 4172 366 4227 ibidem
384 4175 597 4227 commorantes
616 4170 742 4226 habeant
759 4171 894 4227 habitum
913 4171 1145 4245 qualemcunque

92 4258 112 4282 “
132 4273 234 4310 corum
252 4255 416 4311 infirmitati
434 4255 663 4312 convenientem.

123 4459 130 4490 ¹
143 4459 226 4509 There
249 4459 270 4508 is
290 4459 395 4509 another
403 4476 467 4523 copy
479 4461 508 4508 of
524 4459 593 4509 these
677 4458 688 4488 ³
700 4457 742 4506 liii.
756 4462 812 4507 4.-
819 4456 869 4506 Ysa
882 4458 907 4508 in
916 4458 973 4509 MS.
986 4459 1105 4511 Claudius
1115 4463 1147 4513 ll.

90 4538 201 4589 Articles
213 4539 239 4588 in
250 4537 305 4589 MS.
315 4538 383 4588 Nero
394 4540 427 4589 D.
435 4538 501 4594 i..sol
512 4544 558 4587 193
567 4540 589 4587 b.
645 4538 695 4598 iv.;
719 4537 797 4587 Ysru'a
815 4536 938 4602 Propheta
961 4539 990 4588 in
1009 4539 1065 4592 MS.
1077 4540 1145 4592 Nero

124 4617 304 4678 2xiii.⁴5,4c.
643 4616 705 4666 1).i.
