3038 5452
316 709 360 780 74
695 724 801 776 unsrs
823 722 986 776 sessum!

158 924 229 975 John
238 923 294 981 lv..
320 911 442 977 Sancto
465 910 593 975 Albano
616 909 708 975 Dlxx.
725 910 743 974 t
759 910 806 975 xi
822 933 846 976 s.
862 911 905 976 vi
922 910 952 975 d.
968 908 1056 974 obol.
1069 907 1182 992 quadr.
1198 927 1255 992 per
1267 904 1371 971 breve

184 991 281 1118 ἄξι’
321 1014 429 1101 Regis,
460 1014 552 1099 eujus
574 1013 654 1078 data
676 1020 728 1078 cst
749 1013 891 1079 secundo
913 1012 968 1078 die
990 1009 1147 1100 Augusti,
1168 1029 1257 1075 anno
1280 1008 1371 1074 vioe·

196 1123 264 1174 AD.
320 1116 404 1181 simo
426 1138 533 1196 nono;
578 1117 614 1180 in
645 1137 710 1202 quo
742 1117 932 1183 continetur
965 1114 1055 1200 quod
1085 1135 1144 1200 pro
1175 1110 1371 1178 remissione

178 1196 275 1296 ΙΨ
323 1241 421 1305 quam
453 1218 536 1285 dicti
567 1219 680 1284 Abbas
713 1223 749 1284 et
780 1218 973 1285 Conventus
1005 1217 1046 1283 de
1080 1216 1203 1282 Sancto
1235 1212 1370 1279 Albano

152 1325 250 1375 Recital
261 1325 287 1403 ξπ
320 1322 403 1410 Regi
425 1321 582 1402 fecerunt,
605 1328 675 1387 tam
706 1320 748 1386 de
781 1321 849 1386 illis
879 1321 970 1386 mille
1003 1319 1121 1385 mareis
1152 1339 1233 1405 quas
1254 1316 1300 1382 ab
1322 1317 1372 1382 eis

153 1392 298 1521 mirifice!
319 1425 400 1504 Rex,
422 1448 481 1513 pro
504 1424 700 1511 quibusdam
722 1423 836 1489 arduis
869 1422 1012 1510 negotiis
1045 1421 1113 1488 suis
1144 1419 1371 1508 expediendis,

153 1526 265 1643 &¹¹:3ss
318 1533 435 1594 mutuo
457 1529 579 1616 recepit
602 1528 644 1594 de
666 1526 826 1615 ¹pecunia
848 1526 983 1593 decimae
998 1527 1036 1592 in
1058 1523 1244 1591 subsidium
1258 1522 1372 1589 Terrae

153 1608 248 1738 ffiph,
319 1632 449 1749 Sancta
471 1654 492 1696 s
514 1631 600 1748 clero
621 1629 716 1718 regni
739 1652 906 1747 i⁰n⁰⁰⁸⁸i³’
929 1629 1053 1746 eisdem
1075 1627 1201 1746 Abbati
1224 1632 1259 1694 et
1282 1626 1371 1744 Con·

154 1742 283 1843 &¹29⁰
319 1739 436 1800 ventm
465 1756 599 1800 nomme
621 1735 750 1800 Summr
784 1731 956 1798 Pontrficrs
987 1731 1136 1810 hbemta,
1158 1751 1195 1795 m
1217 1729 1373 1817 deposito

154 1808 285 1911 desibodi
320 1837 534 1903 custodienda
546 1862 555 1918 ;
593 1842 627 1902 et
649 1859 731 1922 quas
753 1836 843 1901 idem
866 1834 982 1901 Abbss
1004 1840 1039 1901 et
1062 1836 1256 1902 Conventus
1278 1836 1372 1920 post-

153 1926 298 2044 {ssffild
320 1939 454 2007 modmn
484 1937 802 2056 proRegeuidioto·
824 1939 961 2004 Summo
984 1936 1146 2056 Poptifici·
1172 1936 1350 2054 solverunt
1362 1960 1372 2018 ;

155 2060 307 2138 comentes
321 2065 420 2129 quam
442 2044 483 2108 de
504 2043 579 2107 sins
601 2042 724 2108 deb1t1s
747 2042 1008 2130 quibuscunque,
1031 2063 1068 2107 1n
1092 2042 1213 2127 quibus
1242 2039 1373 2106 eusdem

154 2128 276 2247 mk..
321 2147 448 2211 Abbati
470 2152 505 2210 et
527 2145 717 2211 Conventui
749 2147 822 2210 Rex
856 2169 898 2210 ex
926 2167 1121 2232 quacunque
1143 2166 1241 2209 causa
1263 2164 1373 2229 usque

320 2249 364 2312 ad
385 2248 579 2335 pradictum
602 2249 781 2313 seeundum
811 2247 899 2314 diem
923 2247 1080 2335 Augusti,
1103 2268 1191 2312 anno
1213 2245 1374 2311 vicesimo

320 2377 416 2434 none,
440 2355 663 2435 tenebantur3
685 2377 814 2420 necnon
836 2361 871 2421 et
892 2378 952 2442 pro
966 2355 1122 2420 trecentis
1136 2354 1263 2434 marcis,
1288 2374 1375 2440 quas

320 2459 408 2524 idem
430 2458 545 2523 Abbas
567 2464 601 2524 et
624 2458 816 2525 Conventus
839 2458 922 2545 Regi
954 2459 991 2523 in
1023 2457 1209 2523 subsidium
1232 2455 1373 2544 expedi-

320 2561 423 2628 tionis
464 2561 564 2648 Regis
598 2561 719 2628 Scotiae
751 2561 1010 2641 dederunt-do
1054 2561 1174 2647 quibus
1207 2558 1372 2626 irwentis

321 2666 438 2730 marcis
459 2666 546 2730 idem
570 2665 683 2730 Abbas
705 2671 740 2730 et
763 2665 956 2730 Conventus
977 2665 1177 2751 respondent
1203 2684 1305 2750 supra
1317 2686 1374 2742 3-

187 2787 194 2805 ·
321 2768 517 2856 perdonavit
540 2767 644 2833 eidem
676 2767 802 2832 Abbati
834 2774 868 2833 et
901 2767 1089 2833 Conventui
1123 2768 1235 2833 omnia
1256 2766 1375 2831 debita

321 2871 500 2959 inquibus
533 2870 598 2958 ipsi
633 2870 726 2958 Regi,
757 2893 799 2936 ex
831 2892 1027 2956 quacunque
1061 2893 1167 2948 causa,
1201 2891 1306 2957 usque
1327 2868 1373 2934 sd

321 2975 515 3063 pradictum
550 2974 728 3039 secundum
762 2973 849 3038 diem
871 2974 1018 3060 Augusti
1049 2973 1259 3040 tenebantur.
1328 2971 1372 3036 In

322 3102 387 3166 quo
409 3078 511 3144 etiarn
533 3077 628 3143 brevi
642 3078 839 3160 continetur,
862 3077 950 3163 quod
967 3077 1041 3143 Rex
1055 3077 1132 3142 vult
1153 3081 1188 3141 et
1210 3075 1372 3154 concedit,

322 3206 380 3268 pro
411 3205 445 3248 se
468 3188 502 3248 et
524 3181 709 3249 heeredibus
731 3181 809 3262 suis,
844 3181 933 3266 quod
964 3179 1065 3245 iidem
1087 3179 1204 3245 Abbas
1225 3184 1261 3245 et
1284 3177 1374 3245 Ocn-

322 3290 443 3352 ventus
466 3286 506 3352 de
529 3285 650 3351 debitis
680 3283 845 3371 praedictis
866 3283 998 3369 penitus
1024 3283 1093 3348 sint
1114 3282 1240 3370 quieti;
1273 3286 1375 3370 prout

322 3390 358 3452 in
380 3388 501 3454 litteris
518 3389 617 3475 Regis
639 3388 840 3474 patentibus,
863 3387 985 3452 eisdem
1008 3386 1136 3452 Abbati
1159 3391 1193 3452 et
1220 3385 1391 3452 Genuam.

322 3491 374 3555 tui
400 3491 477 3555 inde
499 3491 664 3567 confectis,
687 3491 817 3576 plenius
838 3491 1036 3556 continetur.

372 3593 434 3658 Per
457 3593 543 3678 quod
567 3593 698 3680 quidem
721 3594 820 3658 breve
838 3593 911 3659 Rex
934 3595 1072 3660 mandat
1102 3590 1318 3659 Thesauraric
1337 3597 1374 3658 et

323 3696 514 3774 Beronibus,
529 3695 618 3782 quod
633 3697 721 3782 ipsos
741 3696 908 3763 Abbatem
923 3703 958 3763 et
969 3699 1179 3764 Conventum
1195 3697 1237 3762 de
1252 3695 1374 3762 debitis

323 3799 489 3887 prsedietis
511 3800 639 3886 quietos
661 3822 730 3867 esse
747 3799 878 3881 faciant,
897 3800 999 3886 juxto
1020 3806 1166 3867 tenorem
1187 3800 1372 3866 litterarum

325 3904 423 3992 Regis
441 3903 689 3992 praedictarum
711 3926 785 3991 quse
807 3902 940 3990 quidem
963 3905 1085 3970 litterae
1100 3903 1201 3990 Regis
1220 3907 1373 3990 patentes

322 4008 544 4074 remissionem
568 4012 602 4072 et
626 4007 897 4095 perdonationem
923 4008 1098 4096 praedietcs
1124 4008 1161 4072 in
1188 4006 1294 4071 forme
1317 4027 1372 4071 ex-

322 4134 430 4198 pressa
453 4112 600 4198 superius
624 4111 840 4190 continentes,
863 4112 1082 4177 irrotulantur
1102 4111 1139 4175 in
1160 4107 1373 4175 Memorando

323 4217 402 4299 enni
425 4214 584 4282 tricesimi
606 4214 712 4301 primi.
757 4215 803 4280 Et
825 4215 959 4301 quietus
982 4212 1071 4301 est.³,

325 4378 406 4387 η...
695 4372 892 4382 ———---
897 4372 1079 4381 ..ς-...ῳ

356 4477 529 4542 'pererraiain
541 4477 596 4529 MS.
874 4482 920 4526 183
928 4477 967 4540 b.)
984 4475 1005 4526 is
1022 4476 1064 4526 lest
1082 4475 1108 4524 in
1126 4475 1205 4525 blank
1221 4475 1288 4537 hero,
1309 4490 1338 4525 as
1353 4474 1377 4523 ii

354 4558 540 4609 wetinus,
872 4554 915 4606 the
935 4552 1055 4606 insertion
1075 4556 1145 4604 there
1165 4555 1195 4604 of
1213 4569 1283 4603 some
1300 4553 1372 4604 other

355 4639 441 4690 ³Hnr
455 4639 581 4691 seolunm
593 4638 620 4689 in
631 4637 675 4690 the
692 4637 749 4690 Ms.
770 4635 826 4703 (fol.
874 4634 960 4686 article
971 4635 1021 4687 had
1031 4637 1094 4687 been
1105 4634 1239 4699 originally
1246 4633 1372 4686 intended.
