3038 5452
417 702 629 755 ucursrnau
653 703 772 756 sanem
795 703 932 756 suarm.
1135 693 1201 756 103

157 893 309 951 “ordinis
337 898 469 965 spectant
494 893 687 966 disciplinam,
708 894 875 952 ordinamus
903 893 988 965 quod
1014 892 1113 950 nullus
1143 893 1202 948 fra·
1225 910 1296 960 John
1306 909 1363 973 w„

155 984 184 1003 “
201 985 275 1034 trum
294 979 426 1034 ordinem
452 980 612 1035 sacerdotis
639 981 787 1052 suscipiet,
814 981 904 1036 donec
934 979 1088 1036 servitium
1115 995 1201 1035 snum
1265 979 1326 1028 seth

155 1070 183 1088 ⁸·
199 1063 367 1129 reddiderit,
395 1065 554 1120 secundum
579 1065 818 1121 consuetudinem
836 1065 1040 1137 approbatam
1069 1070 1099 1119 et
1123 1063 1201 1135 quod
1248 1044 1343 1162 ‘ffb

157 1152 183 1173 ‘⁶
200 1167 255 1203 non
272 1149 429 1220 deputetur
456 1168 532 1206 curre
559 1150 727 1215 sorensium,
747 1168 898 1222 quousque
917 1168 969 1222 per
993 1149 1152 1205 trienninm
1169 1147 1202 1202 in
1242 1149 1347 1229 lsoa-s.

155 1232 323 1289 “claustro
347 1235 437 1289 fuerit
463 1234 650 1291 landabiliter
675 1242 879 1300 conversatns;
905 1235 1034 1306 exceptis
1061 1233 1201 1306 gravibus
1258 1274 1325 1286 .-

154 1319 180 1342 “
199 1323 227 1372 et
253 1319 416 1374 senioribus
443 1320 583 1390 personis,
612 1338 679 1375 cum
706 1321 812 1391 quibus
837 1319 946 1384 Abbas,
974 1326 1061 1392 prout
1085 1319 1148 1373 Deo
1172 1313 1298 1392 etbef0r?

154 1402 179 1426 “
198 1400 299 1459 Ordini
318 1403 522 1477 ¹opportunum
535 1405 596 1459 scre
614 1405 730 1471 viderit,
745 1405 853 1476 poterit
871 1405 1003 1461 securius
1022 1405 1199 1475 dispensare.
1213 1387 1327 1512 {2532ss

1213 1517 1304 1566 orders.
1396 1543 1401 1552 =

512 1683 560 1749 De
579 1692 664 1770 potu
686 1682 847 1750 caritatis.

196 1841 213 1863 ‘¹
224 1837 310 1903 Item,
330 1854 397 1892 cnm
422 1837 454 1893 in
478 1839 642 1909 poculentis
660 1838 728 1908 plns
753 1854 867 1892 sumere
893 1853 980 1907 quam
998 1838 1130 1907 oporteat
1155 1837 1334 1903 estchffififfi

163 1925 179 1946 ·‘
198 1923 386 1994 superfluum,
406 1942 424 1978 a
451 1940 508 1993 quc
526 1923 657 1995 procedit
683 1922 819 1987 ebrietas,
848 1939 913 1994 quae
936 1939 989 1993 per
1007 1918 1200 1992 ⁹Ap0stclum
1213 1919 1324 1968 osdrink

162 2011 177 2032 ‘¹'
196 2014 382 2063 enumeratur
407 2009 483 2062 inter
509 2026 597 2079 opera
613 2007 818 2072 cerebrorum
846 2025 882 2061 ne
907 2011 1006 2077 pateat
1024 2005 1121 2061 aditus
1140 2010 1201 2060 tam
1212 1985 1345 2064 hmini

163 2095 179 2116 ·‘
197 2093 349 2146 execrabili
379 2092 461 2156 vitio,
494 2092 670 2156 ordinamus,
698 2093 776 2164 quod
806 2093 857 2146 ubi
885 2091 1051 2148 Conventus
1079 2108 1199 2146 consue·
1212 2060 1307 2171 ffssn
1378 2094 1383 2103 '

164 2179 179 2200 *ὅ
197 2178 274 2231 verit
291 2178 322 2231 in
340 2177 466 2248 singulis
485 2177 581 2232 Fastis
601 2177 748 2248 Osparum
772 2177 927 2232 observare
953 2181 1038 2248 potus
1058 2175 1199 2241 caritatis,

164 2265 179 2284 ‘¹
198 2263 334 2331 quoniam
352 2261 497 2333 praecipue
515 2262 591 2316 inter
610 2280 700 2317 unum
719 2266 819 2334 potum
832 2268 862 2316 et
880 2262 980 2327 alium,
1000 2265 1117 2333 propter
1135 2260 1200 2315 bre·

163 2348 178 2368 ‘⁶
196 2345 316 2399 vitatem
335 2345 458 2410 dierum,
478 2345 528 2401 vix
544 2346 674 2400 medium
693 2347 821 2418 spatium
838 2345 1011 2411 intercessit,
1033 2345 1110 2418 quod
1127 2345 1201 2401 tales

163 2437 178 2453 ⁸·
196 2430 331 2484 caritates
361 2429 398 2483 de
416 2436 521 2485 caetero
561 2450 578 2484 a
607 2432 695 2486 Festo
727 2430 826 2486 Sancti
856 2430 1010 2486 Michaelis
1040 2448 1133 2502 usque
1165 2429 1203 2486 ad

164 2515 178 2536 ‘¹
197 2512 309 2568 Pascha
338 2515 607 2584 pretermittantur,
628 2516 755 2588 exceptis
788 2516 885 2570 Festis
916 2514 1140 2586 Principalibus,
1173 2521 1204 2570 et

164 2603 179 2622 ‘⁶
197 2598 336 2668 Exequiis
361 2599 584 2670 Principalibus,
606 2601 764 2655 secundum
784 2600 934 2671 antiquam
963 2599 1202 2655 consuetudinem

165 2685 179 2705 ⁵·
197 2682 393 2737 observandis.
439 2683 478 2738 Et
495 2702 531 2738 ne
550 2685 655 2740 fratres
682 2684 838 2740 videantur
857 2702 980 2755 gravare
998 2685 1029 2738 in
1047 2702 1114 2748 unc,
1129 2683 1201 2754 quin

162 2770 176 2790 ‘¹
195 2768 312 2822 eosdem
323 2768 487 2823 relevemus
506 2770 536 2823 in
558 2770 624 2835 alic,
641 2787 806 2841 quanquam
818 2769 907 2841 hujus
920 2769 962 2824 sic
975 2769 1091 2823 medela
1104 2767 1201 2824 suavi·

164 2854 178 2874 ‘⁴
197 2853 274 2917 tatis,
295 2852 463 2907 ordinamus
476 2853 554 2923 quod
572 2854 602 2908 in
620 2854 917 2925 recompensationem
929 2853 1097 2925 hujusmodi
1115 2853 1200 2907 resti-

164 2938 178 2959 ¹‘
197 2937 327 2999 tutionis,
348 2938 474 3008 singulis
493 2937 653 2993 Dominicis
672 2939 776 2993 diebus
794 2939 907 3009 possint
930 2938 1035 2992 fratres
1054 2955 1072 2991 a
1089 2937 1202 2992 Pascha

163 3022 178 3044 “
196 3038 289 3091 usqne
306 3021 344 3075 ad
361 3021 483 3077 Festum
508 3023 607 3077 Sancti
625 3022 788 3087 Michaelis,
807 3028 838 3077 et
862 3023 894 3076 in
920 3021 1068 3077 Mendetis
1094 3020 1200 3086 solitis,

163 3106 178 3128 “
196 3105 239 3161 uti
257 3105 398 3176 praedicta
415 3107 561 3177 potatione
580 3106 720 3162 caritatis.

438 3377 487 3443 De
505 3377 671 3466 pitantiis
693 3375 922 3463 infirmorum.

193 3529 209 3552 ¹·
221 3526 296 3582 (lum
308 3526 513 3581 sacratissimae
527 3525 687 3598 Scripturas
699 3525 730 3579 in
742 3525 859 3596 Regula
875 3529 976 3580 nostre
992 3540 1045 3580 nos
1063 3531 1200 3582 moneant
1213 3533 1306 3600 Ample

163 3615 178 3634 ⁶·
197 3617 229 3665 ut
247 3611 277 3664 in
296 3610 431 3665 curandis
451 3609 595 3664 debilibus
616 3616 646 3664 et
663 3609 781 3680 oegrotis
800 3608 940 3664 fratribus
965 3625 1062 3664 curam
1081 3615 1110 3664 ct
1134 3609 1200 3664 dili-
1212 3601 1334 3666 litim

163 3698 326 3768 “gentiam
353 3697 527 3752 indefessam
552 3715 747 3763 exerceamus,
773 3703 803 3751 et
834 3697 896 3752 haec
932 3696 971 3753 sit
997 3713 1086 3752 causa
1110 3698 1200 3770 crigi-
1212 3670 1318 3785 31ξώ
1329 3733 1370 3786 sm,

162 3786 177 3806 “
196 3783 269 3837 nalis
291 3791 409 3853 propter
427 3801 514 3853 quam
533 3801 600 3837 cum
612 3782 759 3838 monachis
778 3799 866 3852 snper
884 3800 936 3837 esu
954 3783 1086 3838 carnium
1104 3783 1201 3839 extitit
1212 3801 1254 3853 the
1264 3800 1326 3854 ηις,

162 3870 178 3890 “
197 3867 410 3940 dispensatum
440 3885 473 3921 ec
497 3867 688 3922 inhumanum
712 3867 752 3922 sit
769 3867 836 3921 illos
855 3866 1008 3922 deauratos
1033 3867 1196 3939 negligere,

161 3955 176 3975 ‘¹
195 3952 300 4022 quibus
313 3951 423 4022 dejure
435 3953 663 4024 constringimur
672 3951 807 4024 operibus
820 3951 1025 4007 misericordias
1035 3952 1198 4016 subvenire,

161 4039 177 4060 ‘⁴
196 4037 263 4090 hino
282 4046 327 4091 cst
345 4035 422 4107 quod
440 4037 519 4092 circo
537 4036 647 4092 debiles
675 4043 705 4091 et
731 4042 856 4107 aegrctos
881 4037 961 4092 istud
987 4036 1199 4092 observandum

161 4124 177 4145 ‘⁶
196 4121 381 4185 ordinamus3
409 4128 443 4176 ut
470 4120 590 4176 cuilibet
620 4121 734 4175 infirmo
764 4121 847 4176 fratri
874 4120 1042 4176 exhibeatur
1072 4121 1200 4191 pitancia

160 4208 177 4229 ‘⁶
196 4205 269 4260 bona
287 4211 316 4260 et
335 4205 449 4270 fertilis,
464 4212 495 4260 et
513 4224 578 4276 quae
593 4205 678 4275 juxto
695 4205 873 4261 desiderium
886 4224 972 4260 suum
989 4205 1070 4261 illius
1088 4222 1200 4261 recree-

160 4292 177 4315 ⁴‘
196 4291 267 4345 tioni
286 4291 381 4361 aptius
400 4291 554 4346 convenire
578 4290 734 4346 ridebitur.
771 4291 811 4346 Et
834 4290 956 4361 quiade
982 4291 1198 4357 consuetudine,

159 4379 177 4400 ‘⁴
196 4393 261 4446 quur
279 4376 378 4445 potius
397 4376 563 4447 corruptela
590 4382 620 4430 et
645 4375 769 4430 nefanda
787 4382 931 4439 censetur,
951 4375 1116 4431 absurditas
1135 4393 1201 4430 con·

188 4642 197 4676 ¹
208 4651 350 4710 opernm
361 4643 388 4693 in
399 4642 456 4693 MS.
675 4642 681 4710 Ι
728 4640 738 4674 ²
753 4638 837 4693 Galat.
848 4656 872 4692 v.
884 4646 924 4691 21.
