3038 5452
322 692 386 757 444
711 704 817 754 casm
838 704 1001 754 suenrus

171 908 290 970 Thomas,
325 898 343 921 ‘⁶

203 977 265 1027 θοῇ)
326 981 344 1006 σι

182 1042 279 1105 Abbot,
326 1067 344 1089 ιι

197 1110 265 1160 AD.

172 1180 293 1227 met-96.
324 1235 343 1257 ss

364 894 448 958 derit,
460 900 618 948 remaneat.
654 891 683 947 N
685 910 718 947 ec
737 892 857 964 aliquod
866 893 1018 965 scriptum,
1032 893 1080 948 vel
1093 893 1204 957 charte,
1218 894 1271 948 rel
1289 893 1380 965 quod·

368 997 481 1049 cunque
501 978 582 1033 eliud
600 978 637 1032 de
657 980 763 1032 caetero
780 995 848 1032 cnm
867 976 1022 1032 Communi
1046 977 1155 1049 Sigillo
1174 977 1377 1050 consignetur,

365 1081 417 1117 seu
444 1062 602 1133 sigilletur,
629 1061 740 1131 absque
767 1061 890 1117 consilio
916 1066 948 1116 et
971 1061 1092 1116 licentia
1115 1067 1220 1117 nostra
1245 1062 1377 1134 speciali,

325 1150 344 1173 ‘⁶
363 1147 419 1202 nisi
432 1165 486 1218 pro
497 1151 622 1216 urgente
635 1145 819 1211 necessitate,
834 1151 865 1202 et
875 1145 1033 1200 manifesta
1050 1145 1191 1210 utilitate,
1213 1145 1324 1217 aliquis
1342 1146 1379 1201 de

361 1231 514 1286 Prioribus
532 1231 659 1285 multum
676 1229 857 1300 indiguerit;
878 1248 935 1299 quc
954 1246 1033 1293 essu,
1051 1229 1142 1285 liceat
1162 1229 1320 1285 Prioribus
1341 1230 1378 1285 de

323 1318 342 1341 “
363 1313 555 1385 Tynemutha,
574 1312 610 1368 de
628 1313 854 1381 Wymnndhsm,
873 1313 909 1367 de
928 1313 1071 1384 Bynhsm,
1085 1319 1116 1367 et
1133 1313 1249 1369 colibet
1265 1331 1377 1378 eorum,

323 1402 341 1425 ‘¹'
361 1397 522 1469 praehabito
534 1396 656 1452 consilio
668 1414 702 1451 cc
721 1414 863 1452 consensu
882 1396 1049 1452 Conventus
1068 1397 1124 1460 sui,
1142 1397 1192 1454 vel
1208 1399 1333 1469 majoris
1349 1405 1380 1455 at

323 1485 342 1509 ‘¹
362 1482 486 1537 sanioris
505 1481 598 1552 partis
617 1479 758 1553 ejusdem,
784 1481 821 1536 ad
845 1499 989 1536 summam
1008 1481 1208 1553 quodraginta
1232 1483 1377 1539 librorum

322 1568 342 1593 “
361 1566 416 1621 sub
435 1565 542 1635 Sigillo
568 1565 722 1620 Communi
752 1565 883 1636 recipere
908 1570 1030 1631 mutuo;
1056 1565 1213 1622 Prioribus
1242 1584 1314 1622 vero
1341 1566 1376 1622 ‹le

317 1653 341 1686 ·“
361 1649 486 1704 Belvero
504 1655 534 1704 et
554 1648 590 1702 de
609 1648 795 1719 Welinglord
818 1666 912 1719 usque
930 1648 969 1704 ed
990 1666 1134 1704 summam
1152 1650 1265 1720 viginti
1288 1650 1377 1706 libra·

321 1737 341 1761 “
360 1752 427 1789 rum
454 1738 585 1796 tantnm;
614 1731 737 1801 reliquis
762 1749 833 1786 vero
859 1732 1013 1787 Prioribus
1037 1749 1131 1803 usque
1164 1732 1203 1787 ad
1231 1751 1376 1789 summam

321 1821 340 1846 “
361 1819 462 1873 decem
479 1817 640 1879 librarum
667 1834 735 1870 oum
760 1816 883 1871 consilio
898 1821 939 1871 et
955 1834 1100 1871 consensu
1119 1815 1303 1882 Conventus,
1329 1819 1376 1874 vel

321 1905 340 1929 “
360 1901 480 1974 majoris
498 1900 600 1972 partis,
620 1904 655 1967 ut
679 1900 813 1970 superins
832 1899 944 1954 dictum
969 1906 1022 1964 est,
1047 1899 1159 1970 absque
1180 1907 1284 1956 nostro
1310 1920 1376 1957 con·

321 1989 340 2013 ‘⁴
361 1987 427 2042 silio
445 1985 534 2041 liceat
554 1990 700 2039 mutuare.
739 1983 863 2038 Proviso
888 1989 996 2047 tamen,
1023 1989 1057 2038 ut
1080 1990 1241 2054 postquem
1266 1986 1375 2057 aliquis

320 2075 339 2099 ‘⁶
359 2071 506 2127 dictorum
523 2068 662 2123 Priorum
680 2068 734 2122 snb
752 2067 894 2138 praedicte
911 2068 1006 2121 forma
1023 2068 1115 2123 semel
1137 2070 1296 2139 pecuniam
1314 2088 1376 2126 mu·

320 2159 339 2184 “
359 2155 497 2218 tuaverit,
522 2153 614 2208 donec
645 2152 788 2224 scriptum
814 2152 895 2206 illins
925 2151 1023 2206 mutui
1047 2153 1256 2222 reportaverit,
1283 2158 1317 2209 et
1346 2155 1376 2209 in

320 2243 339 2268 ‘⁴
360 2239 496 2309 Cupitulo
514 2255 612 2294 coram
631 2236 784 2291 Conventu
811 2235 968 2290 cancellari
994 2236 1107 2299 fecerit,
1133 2235 1249 2306 aliquid
1267 2236 1375 2311 Sigillc

321 2326 340 2351 “
361 2322 516 2378 Communi
546 2319 683 2391 sigillari,
723 2319 807 2374 nobis
834 2318 1032 2390 ¹irrequisitc,
1064 2319 1187 2375 minime
1234 2321 1374 2377 obtineat.

321 2410 340 2435 ‘⁴
360 2406 435 2462 Cum
454 2405 561 2476 Sigillo
580 2410 677 2460 entem
700 2403 737 2458 ed
755 2421 859 2459 causas
875 2403 1120 2475 ²procuratorias,
1135 2421 1189 2459 son
1206 2404 1327 2462 litteras
1339 2405 1375 2461 de

321 2496 340 2518 “
360 2495 513 2555 attornsto,
534 2506 601 2544 cum
619 2488 717 2542 Priori
734 2493 765 2543 et
787 2488 952 2544 Conventui
977 2487 1076 2542 visum
1103 2488 1195 2543 fuerit
1222 2490 1373 2560 expedire,

321 2579 339 2602 “
359 2575 451 2629 libere
476 2573 518 2628 eis
536 2573 626 2628 liceat
645 2571 787 2643 sigillare.
833 2572 1026 2643 Praecipimns
1057 2577 1165 2637 temen,
1197 2573 1232 2628 iu
1261 2574 1374 2630 virtute

321 2661 340 2686 “
360 2657 542 2720 obedientiae,
560 2673 596 2709 ne
614 2655 756 2718 corrodia,
775 2654 979 2726 obligationes,
997 2655 1045 2711 vel
1065 2655 1183 2720 similia,
1205 2658 1260 2713 sed
1279 2657 1375 2713 solum

320 2745 340 2768 “
359 2740 567 2812 procuratorio,
585 2741 633 2793 vel
651 2740 758 2795 litterae
784 2739 820 2794 de
839 2745 992 2802 attornato,
1012 2748 1043 2794 et
1066 2746 1173 2795 caetera
1197 2741 1282 2805 talia,
1311 2760 1375 2813 quae

320 2829 339 2852 ‘⁶
359 2825 397 2880 ed
420 2825 517 2879 iorum
544 2825 692 2895 pertinent
718 2824 941 2887 contentiosum,
960 2841 1028 2878 curn
1060 2823 1169 2894 Sigillo
1200 2825 1240 2880 ud
1270 2843 1374 2882 causas

322 2914 340 2937 “
360 2908 561 2965 tautummodo
579 2908 797 2978 consignentur.

359 2998 377 3021 “
390 2993 561 3048 Inhibemus
580 2991 670 3046 etium
688 2991 761 3063 ipsis
780 2991 942 3056 Prioribus,
964 2993 994 3046 in
1012 2993 1120 3047 virtute
1139 2993 1327 3059 obedieutiae,
1347 3004 1377 3050 et

362 3079 416 3134 snb
435 3096 521 3150 puina
538 3074 854 3139 excommnuicationis,
872 3094 917 3140 ne,
939 3076 1049 3146 absque
1062 3083 1163 3131 nostra
1185 3078 1311 3134 licentis
1327 3099 1375 3151 pe·

323 3167 341 3191 “
362 3163 416 3218 tite
434 3169 464 3217 et
487 3152 612 3224 obtentu,
639 3159 772 3214 comedia
788 3159 925 3224 vendent,
946 3160 1161 3231 recognitiones
1180 3161 1303 3227 faciunt,
1324 3183 1374 3218 seu

153 2992 194 3042 On
205 2992 247 3041 the

153 3058 285 3108 limitetion
322 3083 342 3106 ss

152 3124 181 3174 cf
189 3125 231 3175 the

153 3190 280 3256 authority

152 3257 181 3306 ot
190 3257 276 3308 Priore
282 3258 313 3309 ot
323 3251 342 3276 ‘¹

153 3323 227 3374 Cells.

361 3248 400 3302 sd
424 3245 563 3302 eeclesias
580 3249 717 3299 vacantes
745 3249 922 3314 praesentere
942 3250 1139 3314 prresumsnt3
1162 3263 1218 3300 uec
1244 3247 1376 3302 maneria

323 3335 341 3358 “
362 3332 409 3385 vel
435 3330 572 3385 ccclesias
598 3328 746 3383 adfirmas
772 3326 931 3390 dimittent,
956 3334 1007 3382 sut
1034 3328 1134 3399 sylvas
1159 3329 1301 3394 vendant,
1326 3331 1373 3386 vel

323 3420 341 3443 “
361 3415 529 3479 destruent3
549 3412 687 3484 proeliis
710 3429 768 3465 non
786 3412 874 3466 fidem
889 3412 1019 3480 jubeant,
1040 3429 1093 3467 nec
1116 3412 1248 3484 aliquem
1272 3432 1374 3470 manu-

322 3501 341 3528 “
360 3499 487 3554 mittent.

357 3584 376 3609 ‘⁶
389 3582 429 3636 Et
443 3587 478 3636 ut
496 3580 553 3635 ista
571 3581 669 3634 omnic
680 3580 788 3634 futuris
807 3580 990 3651 temporibus
1008 3581 1180 3636 inconcusse
1207 3588 1373 3648 serventur,

322 3669 341 3693 “
361 3664 528 3719 ordinemus
548 3670 581 3718 ut
599 3663 717 3718 Priores
736 3664 858 3733 singuli,
872 3665 903 3718 in
924 3671 1074 3736 posterum
1093 3664 1224 3730 creandi,
1238 3666 1277 3722 ad
1301 3686 1373 3739 prse-

322 3753 341 3777 “
360 3750 439 3804 dictu
465 3747 562 3802 omnis
589 3747 619 3800 in
646 3747 785 3817 praesenti
811 3747 947 3818 Capitulo
966 3754 1134 3819 expressata
1150 3748 1249 3821 palam
1274 3769 1373 3806 corum

322 3837 341 3862 “
361 3834 512 3890 Conventa
524 3835 632 3892 nostro,
647 3830 678 3883 in
695 3830 839 3900 principio
859 3833 1013 3887 creationis
1027 3833 1194 3899 eorundem,
1221 3837 1372 3907 corporale

322 3922 340 3947 ‘⁴
361 3922 500 3991 praestent
514 3914 723 3984 jurameutum,
743 3932 801 3967 unu
819 3933 885 3968 curn
904 3924 1041 3972 consueto
1057 3917 1226 3988 juramento
1256 3918 1295 3973 de
1319 3920 1372 3974 im·

322 4008 340 4031 ‘⁴
361 4003 502 4057 munitate
521 3997 720 4068 exemptionis.
755 3996 929 4068 Suppriores
954 4001 1042 4054 etium
1070 4000 1221 4056 Cellerum
1242 4003 1282 4057 ud
1300 4021 1372 4075 prae·

323 4093 341 4116 “
361 4089 452 4143 missa
470 4082 621 4144 servande,
641 4081 671 4134 in
691 4088 832 4151 quantum
850 4083 1032 4138 ³cust0dinm
1063 4084 1235 4140 Communis
1267 4086 1370 4158 Sigilli

322 4178 340 4201 ‘⁶
361 4174 549 4231 concernunt,
564 4167 732 4236 juramento
751 4167 896 4221 consimili
914 4154 1125 4238 astringuntur.

718 4336 758 4341 -—
785 4338 835 4343 -.,.
850 4339 875 4344 ...
894 4339 922 4343 -...
979 4339 1032 4345 -—-
1045 4337 1216 4345 —-—-—-
1233 4339 1362 4346 ».---.-—.

354 4456 361 4487 ¹
374 4456 416 4506 Sic
428 4455 453 4503 in
471 4453 536 4513 MS„
547 4451 573 4500 in
590 4449 633 4500 tbc
644 4449 761 4514 singular,
778 4451 820 4500 the
899 4451 1093 4514 ᾖρνοοιινιιῑονὶα
1104 4452 1130 4500 in
1143 4453 1201 4503 MS.

320 4537 388 4584 word
406 4533 473 4582 uotis
491 4532 566 4595 being
577 4532 671 4581 treated
684 4545 711 4580 as
723 4531 819 4595 though
898 4530 908 4561 ³
920 4531 1029 4581 custodia
1043 4532 1070 4580 iu
1083 4532 1137 4582 MS.

321 4614 347 4665 iu
366 4613 408 4665 the
419 4613 536 4677 singular.
