3038 5452
416 710 625 760 nonssrnnn
649 710 771 760 senon
795 711 928 759 ALBANI.
1156 697 1196 757 35

173 893 186 914 “
200 891 286 949 debite
304 894 336 948 in
355 894 462 965 quibus
480 896 537 968 ipsi
566 897 659 961 nobie,
680 913 715 950 ex
735 912 908 967 quecunque
928 912 1025 959 neusa,
1046 911 1140 966 usque
1159 894 1195 950 ad
1216 899 1353 961 sonum„

172 978 184 998 '⁶
198 975 264 1032 diem
281 979 472 1035 confectionis
491 982 680 1052 praesentium
700 981 882 1044 tenebuntur,
903 982 1034 1036 volentes
1054 987 1083 1034 at
1094 996 1194 1035 conee—
1258 967 1318 1018 Μ

170 1060 183 1081 “
196 1058 295 1127 dentes,
317 1081 371 1135 pro
390 1065 473 1119 nobis
491 1072 522 1121 et
538 1065 706 1120 haeredibus
718 1067 836 1130 nostris,
856 1065 933 1136 quod
951 1065 1029 1120 idem
1047 1062 1146 1120 Abbas
1165 1070 1194 1119 et
1240 1033 1336 1151 ’Ἃῆ

169 1141 354 1203 “Conventus
383 1147 419 1202 de
447 1148 554 1205 debitis
587 1149 736 1221 praedietis
770 1151 887 1222 penitus
916 1150 977 1206 sins
1005 1149 1107 1220 quieti.
1157 1148 1361 1220 1111290-1801.

169 1227 182 1251 ¹⁶
196 1230 269 1301 enjus
289 1231 334 1287 rei
351 1232 561 1299 testimonium,
581 1238 606 1289 st
624 1234 750 1290 ooetaust'
1250 1262 1316 1276 —-

196 1337 208 1376 r

164 1430 244 1508 Breve
270 1439 372 1529 Repo
397 1443 734 1529 superlunaribus
760 1442 966 1511 Moaastera'a'
988 1442 1109 1510 saone·
1130 1440 1192 1508 Ae

395 1544 480 1611 barat
501 1545 543 1612 ab
567 1546 725 1612 omuibus
748 1545 942 1612 alloearwbs.

194 1664 350 1735 Dominus
367 1669 441 1735 Rex
457 1670 668 1736 confirmavit
686 1670 816 1737 chartas
840 1670 943 1736 trium
959 1693 1083 1758 regum,
1098 1669 1188 1735 vide·
1203 1683 1274 1750 King

159 1762 227 1850 ter,
251 1770 390 1838 nemin
416 1771 569 1852 secana,
596 1772 695 1862 sega
718 1772 858 1852 niara,
875 1780 909 1839 a
925 1773 1025 1862 sega
1052 1751 1352 1868 senriorffffl

159 1866 253 1940 Tereia
1201 1885 1348 1948 theAbbey

191 1973 236 2041 De
259 1975 349 2063 Rege
373 1977 519 2044 Henrieo
542 1979 692 2044 Seermdo
708 1980 853 2064 quinque
876 1979 1005 2042 chartas
1020 1977 1187 2041 confirma
1200 1950 1354 2068 ζξξζ·βὲὲῃ

157 2076 209 2158 vit3
230 2098 334 2144 unam
357 2080 397 2145 de
420 2080 632 2146 libertatibus
654 2086 688 2147 et
711 2080 1009 2146 consuetudinibus.
1202 2084 1354 2162 chartepof

191 2176 282 2262 item,
298 2174 397 2246 dlinm
412 2183 568 2262 chartam,
584 2190 625 2249 ut
646 2183 756 2248 nullus
779 2205 822 2247 ex
844 2182 1005 2247 ministris
1027 2178 1132 2246 intret
1153 2180 1191 2244 in
1203 2152 1338 2280 ffiepng

156 2283 243 2350 terras
264 2282 320 2351 vel
342 2285 462 2364 domos,
479 2308 537 2352 seu
559 2286 787 2373 possessiones,
803 2284 945 2350 Abbatis
967 2282 1021 2349 vel
1038 2281 1189 2349 Conven-
1202 2282 1292 2361 anrr
1303 2283 1348 2345 11,

156 2388 205 2465 a,
228 2388 309 2474 ipsa
330 2387 454 2453 invius.
1201 2349 1350 2482 {³:3th

188 2488 280 2569 Item,
304 2489 404 2554 aliam
428 2490 585 2569 chartam,
611 2490 652 2555 de
675 2509 831 2556 warenna
854 2488 1083 2556 columbarum
1202 2481 1251 2533 111

189 2590 281 2671 Item,
305 2592 404 2656 aliam
431 2593 587 2670 chartam,
612 2599 650 2657 ut
675 2593 863 2679 ubieunque
888 2591 1034 2656 ministri
1049 2588 1190 2655 Abbatis

155 2696 182 2756 et
199 2693 391 2760 Conventus
413 2716 472 2780 per
494 2717 633 2782 regnum
656 2696 787 2781 Angliae
810 2693 1069 2781 peragraverim,
1087 2691 1190 2777 quieti

155 2798 182 2858 et
192 2796 353 2861 immunes
368 2797 437 2862 sint
452 2797 494 2861 ab
511 2799 601 2862 omni
622 2797 776 2862 theloneo
800 2803 833 2861 et
859 2794 1102 2872 consuetudine,
1117 2794 1190 2857 ubi-

155 2915 268 2984 eunque
295 2898 453 2976 vendant,
478 2900 532 2965 vel
560 2905 682 2978 emant,
710 2899 764 2963 vel
788 2898 973 2963 conducant
996 2896 1122 2980 aliquid
1147 2896 1189 2958 ad

154 3017 221 3084 opus
246 2998 443 3066 Monasterii
469 3001 585 3068 Sancti
608 2999 749 3079 Albani;
774 3004 807 3065 et
834 3000 945 3064 nullus
960 2999 1006 3063 eis
1032 2995 1189 3082 injuriam

155 3096 247 3182 faust,
270 3101 326 3168 vel
348 3102 522 3170 disturbet.

187 3202 281 3284 Item,
304 3205 405 3271 aliam
427 3209 575 3273 chartam
598 3205 639 3271 de
659 3204 740 3269 feria
763 3210 836 3268 octo
859 3201 995 3266 dierum.

188 3307 281 3388 item,
306 3309 513 3375 confirmavit
537 3307 686 3374 chartam
708 3305 807 3392 Regis
829 3303 962 3369 Rieardi
990 3302 1030 3367 de
1056 3300 1189 3368 liberta

154 3405 230 3476 tibus
249 3416 285 3478 et
307 3411 608 3490 eonsuetudinibus,
625 3416 664 3474 ut
688 3407 800 3475 nullus
826 3406 997 3472 hominum
1024 3427 1058 3468 se
1084 3404 1189 3470 intro·

154 3510 253 3578 mittat
284 3512 325 3579 de
355 3511 610 3600 possessionibus
640 3512 720 3577 dieti
750 3507 894 3576 Abbatis
924 3513 959 3574 et
986 3506 1186 3584 Conventus,

154 3607 218 3695 ipsis
238 3615 365 3683 invitis.

187 3717 280 3795 Item,
313 3720 521 3785 confirmavit
551 3719 700 3784 chartam
724 3717 829 3802 patris
858 3716 909 3780 sui
936 3715 975 3780 de
1009 3736 1188 3792 warenna;

154 3816 302 3899 videlieet,
326 3828 366 3887 ut
388 3821 473 3887 nuili
495 3821 686 3886 mortalium
708 3819 806 3884 liceat
829 3824 934 3883 terras
956 3839 1031 3881 suas
1052 3816 1186 3895 intrare,

154 3917 186 3983 ad
206 3921 387 4009 fingendum·
414 3923 451 3987 in
481 3923 536 4004 eis,
568 3923 623 3988 vel
644 3920 772 4007 aliquid
808 3919 1002 4006 capiendum
1033 3918 1120 4003 quod
1144 3918 1186 3980 ad

154 4035 327 4092 warennam
349 4027 507 4113 pertinet,
528 4027 598 4092 sine
618 4024 752 4090 licentia
776 4024 931 4110 ipsorum,
952 4027 987 4086 et
1005 4019 1184 4086 voluntate.

155 4223 319 4302 Prooeasats
336 4234 465 4323 plaetto'
487 4258 589 4324 super
603 4237 731 4304 toloneo
745 4243 775 4303 et
799 4243 989 4302 transverso
1011 4216 1104 4298 baur
1122 4229 1187 4293 Do·

227 4340 369 4406 mr'aawm
399 4339 524 4426 sepem
555 4349 585 4407 et
613 4339 821 4429 preadictum
851 4336 1013 4403 Abbutem
1050 4330 1187 4400 abacta

227 4441 360 4527 afflata

184 4553 241 4610 ‘'In
257 4557 375 4613 nomine
387 4556 516 4624 Domini,
529 4559 634 4614 Amen.
672 4557 843 4623 Edwardns
858 4555 914 4610 Dei
933 4553 1039 4625 gretia,
1053 4551 1116 4607 Rex
1128 4550 1187 4605 An·
1201 4562 1282 4614 orant
1292 4559 1341 4610 md

158 4628 172 4655 ‘⁸
187 4638 259 4706 slis,
272 4640 416 4700 Dominus
428 4641 590 4708 Hibernia,
609 4649 640 4701 et
652 4642 719 4700 Dux
730 4640 927 4713 Aquitanniae,
941 4635 1188 4708 Arohiepisoopie‚
1203 4626 1334 4692 mim·

992 4740 1013 4788 ο
1036 4725 1056 4786 2
