3038 5452
417 719 628 770 uosnsrnrur
650 720 775 772 sancrr
797 719 933 770 ausum.
1135 709 1197 771 185

154 909 341 976 debitorum
358 908 561 988 Monosterii,
578 912 612 974 et
627 930 726 995 quam
748 908 888 974 arduum
911 913 983 975 erat
996 929 1077 995 opus
1090 929 1200 994 regere
1212 921 1282 972 an.
1296 928 1367 974 rare.

153 1015 287 1091 animae,
310 1014 345 1077 et
367 1011 550 1077 multorum
572 1011 719 1077 moribus
749 1010 922 1090 deservire,
944 1010 1006 1076 sub
1028 1015 1099 1076 tom
1128 1032 1200 1074 um·
1213 995 1346 1108 {3322

153 1113 266 1181 bratili
302 1113 422 1179 fiducia
459 1112 668 1201 prasumpsit
705 1113 746 1179 de
783 1117 854 1178 tam
888 1112 976 1178 facili
1009 1112 1200 1180 consentire.

156 1216 219 1283 Sed
240 1216 405 1283 Dominus
426 1215 535 1283 voluit
557 1237 632 1282 eum
662 1220 829 1281 conterere
859 1215 896 1279 in
924 1214 1127 1293 infirmitate,
1160 1220 1201 1281 ut

155 1319 226 1405 pins
248 1319 437 1385 ostenderet
459 1318 548 1404 qnod
570 1339 638 1383 non
659 1317 805 1383 humana
834 1316 999 1384 industria
1027 1320 1087 1383 aut
1109 1316 1227 1382 sorti·

156 1422 270 1489 tudine
291 1421 444 1512 corporis,
467 1421 525 1487 eed
555 1421 625 1486 sola
657 1421 728 1506 ejus
761 1419 879 1508 gratia,
910 1419 947 1485 in
969 1419 1201 1488 reformatione

157 1523 269 1590 domus
291 1524 364 1603 Dei,
385 1529 437 1590 cst
457 1523 577 1590 fiducia
598 1523 806 1611 perhibenda

195 1627 403 1693 Transcursis
432 1627 537 1714 igitur
566 1626 694 1693 meritis
723 1626 928 1714 singulorum
958 1625 1019 1691 sub
1043 1625 1202 1692 delibera·
1213 1643 1369 1697 Richarode

155 1729 244 1796 tione
266 1751 335 1796 non
357 1730 493 1811 modica,
517 1731 552 1796 in
584 1730 734 1803 absentia
755 1729 969 1818 singulorum,
991 1729 1202 1816 praestitoque
1213 1710 1340 1779 Wdlnss·

150 1834 243 1916 prius
265 1832 308 1898 ab
331 1833 482 1898 omnibus
504 1833 791 1920 compromissariie
807 1831 997 1918 juramento
1013 1830 1054 1896 de
1068 1831 1202 1897 celando
1214 1777 1309 1896 {iffi

150 1936 216 2000 snb
237 1933 346 2022 sigillo
369 1934 501 2000 consilii
525 1932 702 2022 ¹quicquid
724 1934 868 2000 invicem
898 1933 1045 1999 dicerent
1074 1932 1115 1998 de
1145 1910 1310 1999 aum*

144 2036 304 2104 sentibus
319 2036 479 2102 fratribus
500 2037 588 2103 inter
610 2036 821 2123 loquendum,
835 2036 970 2102 tandem
991 2035 1028 2100 in
1051 2034 1202 2100 absentia

143 2138 236 2204 dicti
260 2137 388 2203 Fratris
410 2139 552 2216 Ricardi,
577 2139 618 2204 de
647 2160 686 2204 eo
716 2138 842 2204 diutius
872 2141 1120 2225 pertractantes,
1150 2159 1201 2202 as·

137 2260 250 2308 sensu
266 2239 416 2305 unanimi
432 2263 507 2306 eum
517 2241 720 2307 concorditer
734 2242 912 2328 elegerunt
950 2239 1099 2321 Quorum
1113 2236 1202 2326 post·
1213 2251 1263 2303 Hir
1274 2268 1328 2331 per·

136 2344 290 2411 modum
312 2349 442 2430 gestum
466 2343 575 2409 dictus
598 2344 701 2409 frater
723 2343 885 2409 Ricardus
907 2342 1098 2430 percipiens,
1114 2320 1367 2451 quodfllessglffiffi

134 2443 187 2511 in
212 2468 289 2512 eum
312 2453 543 2511 consenserant
573 2445 770 2533 eligendum,
793 2445 854 2511 sub
883 2445 1080 2511 verecundia
1106 2444 1201 2510 diesi·
1214 2450 1311 2503 formed
1321 2453 1352 2531 pf

136 2547 306 2626 mulavit,
336 2548 451 2613 nolens
482 2548 608 2634 aliquid
637 2547 923 2634 compmmissariis
957 2553 1105 2634 tangere,
1136 2518 1373 2612 nisimoem·

133 2649 218 2739 ipsi
250 2651 341 2737 prius
372 2649 479 2716 eidem
511 2650 637 2737 nliquid
669 2649 867 2737 tetigissent.
922 2648 965 2713 In
987 2649 1202 2736 perplexitate

134 2751 271 2839 itaquo
292 2751 347 2816 vir
368 2774 552 2841 suspensus,
577 2753 606 2818 ei
635 2752 785 2820 resistere
818 2751 998 2839 expediret,
1019 2773 1063 2816 an
1085 2753 1205 2818 melius

135 2855 348 2933 (consentire,
364 2855 499 2920 tandem
520 2856 736 2941 pronunciata
758 2854 916 2921 electione
930 2853 967 2918 in
982 2853 1146 2941 Capitulo,
1161 2856 1204 2919 ad
1218 2863 1369 2941 Suggerion

139 2955 373 3043 lacrymosam
394 2955 534 3021 fratrum
556 2956 761 3037 instantiam,
784 2962 860 3043 post
887 2956 1045 3042 quasdam
1072 2978 1203 3022 excusa·
1216 2928 1350 3045 fflsslon

143 3061 273 3138 tiones,
295 3059 323 3122 si
345 3058 393 3123 sas
416 3063 467 3122 eet
489 3059 595 3124 dicare
620 3059 855 3136 excusationes,
872 3057 1018 3145 inquam,
1034 3059 1139 3145 magis
1162 3080 1204 3123 ex
1217 3062 1355 3111 vonimu-

144 3166 235 3229 fioto
269 3183 367 3248 quam
399 3182 483 3248 puro
516 3169 648 3249 pectore
682 3162 901 3249 procedentes,
939 3161 1103 3226 consensit
1140 3160 1203 3226 biis
1217 3127 1290 3178 lm

144 3264 267 3332 verbis
278 3272 351 3329 :-“
362 3262 403 3327 In
427 3263 560 3329 nomine
575 3263 695 3344 Patris,
710 3268 745 3329 et
768 3262 856 3344 Filii,
871 3269 905 3328 et
922 3261 1066 3349 Spiritus
1081 3262 1204 3344 Sancti,
1215 3275 1257 3354 Ile
1265 3275 1339 3392 pivs·

149 3376 176 3404 “
198 3367 241 3432 ad
263 3366 422 3431 honorem
445 3365 509 3430 Dei
533 3365 711 3431 Genitriois
727 3365 850 3444 Mariae,
865 3371 1032 3452 perpetuae
1047 3365 1204 3452 Virginis,
1215 3342 1355 3461 Qum

155 3475 236 3534 “et
259 3468 455 3535 Sanctorum
479 3468 699 3534 Patronorum
729 3490 885 3548 meorum,
909 3467 1041 3548 Albani,
1066 3469 1373 3556 Amphi-rhedarios

158 3578 181 3608 ‘⁴
202 3570 279 3652 bali,
313 3576 348 3636 et
381 3569 491 3636 Patris
525 3570 741 3649 Sanctissimi,
772 3569 953 3649 Benedicti,
986 3573 1021 3635 et
1058 3573 1203 3638 omnium

158 3680 180 3710 ‘⁴
201 3673 406 3752 Sanctorum,
430 3673 581 3739 electioni
615 3672 656 3738 de
691 3696 743 3740 me
777 3674 882 3752 factae,
913 3672 1035 3739 timens
1056 3675 1206 3742 resistere

165 3775 344 3864 “Spiritui
367 3775 498 3853 Sancto,
521 3781 551 3842 et
573 3774 720 3842 ccctcrc.''

828 3964 1196 3973 —-——-.-.-.-.--——

568 4089 575 4121 ¹
588 4089 696 4153 quicqum
706 4087 733 4138 in
744 4087 800 4139 MS.
