3038 5452
414 700 623 752 nonssrnan
647 700 767 751 ssnori
790 701 926 750 mesni.
1131 686 1196 748 105

122 881 161 906 ‘⁸
200 889 385 961 exprimatur.
432 888 491 945 Sed
509 889 580 959 quia
597 888 709 944 dictum
721 888 867 952 solatium,
886 891 1006 958 propter
1023 885 1197 959 incompoai·
1221 883 1292 934 John
1300 882 1356 942 IV„

114 965 155 990 ‘⁸
198 978 258 1028 tum
279 973 462 1044 quorundam
481 978 609 1044 gestum,
627 990 680 1044 per
697 972 941 1043 praedecessorem
959 967 1109 1027 nostrum¹
1124 967 1195 1041 [est]
1243 949 1321 1067 ἐξὲξ

116 1049 160 1073 ““
200 1057 388 1124 subtractum,
408 1055 462 1111 ²de
479 1061 582 1127 nostra
592 1056 776 1112 restituimus
789 1055 886 1126 gratia
898 1055 1029 1127 speciali,
1042 1072 1079 1109 ne
1093 1072 1129 1110 ex
1140 1054 1198 1109 hiis
1255 1024 1339 1134 Annt'

115 1131 161 1157 ‘⁸
199 1142 370 1211 proveniant
387 1140 548 1211 dispendia,
576 1158 629 1212 per
656 1158 721 1212 quae
738 1146 799 1194 tam
825 1139 930 1194 solatia
956 1139 1090 1203 fratrum,
1111 1156 1199 1210 quam
1230 1120 1334 1200 leoe-l.

115 1217 132 1236 ⁸
145 1221 163 1242 ⁸
199 1223 380 1281 devotionem
404 1225 436 1279 in
466 1225 596 1282 servitiis
621 1224 738 1287 divinis,
765 1242 800 1278 ex
830 1223 1037 1279 misericordius
1063 1223 1198 1295 operibus
1256 1245 1322 1256 --

111 1300 130 1320 ‘
143 1304 161 1326 ⁸
198 1308 344 1365 credimus
363 1309 518 1380 adaugere.

196 1392 426 1458 “Prohibemus,
454 1411 542 1465 super
567 1410 653 1464 poena
673 1392 829 1447 artissima
856 1393 1024 1464 punitionis,
1045 1410 1132 1464 qnam
1163 1391 1366 1472 adProhibitiou

117 1470 137 1491 ⁴
153 1476 172 1497 ⁸
200 1476 416 1548 delinquentem
435 1485 465 1533 et
482 1478 519 1532 ed
537 1478 718 1533 occasionem
744 1477 862 1532 dantem
881 1477 991 1541 delicti,
1019 1479 1096 1543 (cum
1114 1459 1301 1548 poenialfffl,l

119 1556 172 1582 ‘⁸‘
197 1559 299 1616 debeat
325 1567 423 1616 tenere
451 1580 519 1616 snos
546 1567 688 1625 auctores,
715 1561 850 1616 volumno
877 1567 990 1616 tantum
1009 1561 1144 1627 extendi)
1164 1527 1339 1614 nomm

124 1642 145 1661 ⁸
159 1645 180 1667 ⁸
199 1646 302 1701 fratres
328 1646 462 1717 praedicti
488 1645 685 1717 turpiloquiis,
700 1645 887 1716 vaniloquiis,
908 1664 961 1700 seu
979 1645 1046 1700 aliis
1064 1663 1117 1716 per
1135 1662 1199 1715 quse

122 1727 143 1746 ⁸
159 1727 347 1800 ‘denigrari
374 1730 472 1786 valeat
497 1729 649 1802 religionis
676 1729 842 1799 integritas
872 1747 925 1784 seu
955 1729 1037 1784 bonae
1056 1729 1199 1801 opinionis

136 1811 156 1832 ⁸
175 1817 184 1837 ⁴
201 1814 324 1883 puritas,
345 1803 427 1868 nulla
443 1812 677 1885 ³opportnniteto
695 1813 854 1869 intendant.

196 1901 213 1922 ‘⁸
225 1898 311 1964 Item,
331 1898 420 1953 simul
446 1915 544 1952 omnes
563 1898 600 1952 ad
618 1897 755 1952 solatium
773 1897 882 1952 intrent
900 1904 930 1952 et
947 1903 1058 1960 exeant,
1079 1915 1114 1951 ne
1133 1897 1200 1952 soli·
1213 1892 1266 1944 The

139 1979 157 2001 ⁸
173 1982 182 2005 ⁴
199 1982 271 2038 turia
287 1982 406 2053 vagatio
424 1981 622 2037 innocentium
640 1981 747 2035 famam
765 1981 870 2046 laedat;
891 1981 968 2053 quod
986 1981 1012 2037 si
1031 1981 1096 2051 quis
1114 1998 1198 2036 secus
1211 1961 1327 2010 boe‘h‘ffl

143 2063 182 2090 ⁸⁴
197 2066 298 2122 fecisse
316 2066 465 2137 probetur,
484 2065 536 2119 illo
548 2065 596 2119 die
609 2064 687 2119 solus
700 2065 731 2118 in
743 2064 908 2120 Refectorio
921 2064 1061 2130 comedat,
1076 2063 1198 2120 remedii
1210 2032 1311 2143 {mr

143 2148 182 2173 ⁸⁴
199 2150 321 2221 gretiam
339 2166 522 2221 nequequam
541 2155 758 2204 consecuturus.
1212 2161 1289 2210 about

419 2254 427 2263 ·
1212 2227 1303 2292 eingly.

582 2419 632 2486 De
655 2419 867 2504 eleemosyna.

197 2574 214 2596 “
234 2571 320 2636 Item,
335 2566 470 2643 quia'uon
489 2569 519 2624 in
537 2569 716 2624 sublimitate
729 2568 884 2641 graduum,
899 2569 994 2623 sedin
1012 2570 1201 2642 amplitudine
1214 2577 1287 2629 Alnn
1297 2576 1362 2630 robe

165 2654 185 2677 ⁴⁶
201 2655 339 2719 caritatis,
358 2655 524 2726 adquiritur
542 2654 597 2708 Dei
623 2671 756 2725 regnum,
785 2671 822 2706 ne
852 2670 1004 2726 pauperos,
1030 2655 1060 2710 iu
1080 2644 1362 2727 qnorum‘llllyldm

117 2806 123 2811 ,
166 2737 184 2761 ⁴‘
199 2756 267 2794 cura
290 2746 321 2794 et
348 2737 547 2795 sollicitudine
572 2738 704 2808 gratuita
723 2744 753 2792 et
778 2743 930 2808 peccatum
959 2738 1153 2810 extinguitur,
1173 2711 1369 2794 etmhelm'·

168 2823 184 2848 ‘¹
199 2824 316 2879 coeleste
334 2823 474 2894 gaudium
494 2821 675 2893 adipiscitur,
689 2820 725 2876 de
737 2820 795 2876 hiis
808 2822 910 2876 saltem
929 2823 1076 2893 obsequiis
1089 2824 1203 2879 defrau-

169 2907 184 2929 ¹‘
200 2906 322 2974 dentnr3
342 2908 528 2979 precipimus
541 2912 575 2962 nt
586 2904 720 2976 reliquia
739 2905 775 2960 de
794 2905 928 2960 omnibus
947 2924 1044 2961 coram
1063 2908 1202 2963 fratribus

168 2992 184 3013 “
199 2992 305 3048 uostris
329 2992 469 3062 appositis
491 2990 521 3044 in
547 2989 963 3056 Refectorio,in1ufirmaria,
984 2997 1013 3045 et
1039 2992 1118 3055 alibi,
1154 2992 1202 3046 ubi

167 3074 182 3099 ‘¹
199 3076 340 3140 reficiunt,
353 3075 459 3131 cedunt
468 3075 498 3129 in
510 3075 732 3145 eleemosynam,
746 3080 776 3128 et
787 3092 839 3146 per
851 3074 1118 3145 Eleemosynurium
1132 3095 1201 3148 pan·

168 3160 183 3182 '¹
199 3160 316 3229 peribus
335 3159 461 3215 fideliter
479 3159 672 3230 erogandam,
693 3164 722 3213 et
734 3163 767 3213 nt
778 3158 827 3212 vie
839 3159 989 3214 fraudibus
1002 3160 1117 3215 facilins
1130 3179 1202 3232 prae·

168 3244 183 3267 ‘¹
200 3244 343 3309 cludatur,
372 3243 538 3298 ordinemus
557 3250 598 3306 nt,
624 3242 781 3316 prandente
806 3243 854 3298 vol
881 3250 1011 3299 coenante
1040 3245 1200 3310 conventu,

168 3328 184 3351 ‘⁴
201 3329 275 3384 ostia
286 3328 407 3384 claustri
420 3328 571 3382 firmentur
584 3333 614 3383 et
626 3327 836 3383 custodiantur.
874 3328 913 3384 Et
934 3329 1071 3400 quoniam
1097 3330 1201 3385 rationi

168 3412 184 3436 ‘¹
201 3413 345 3477 convenit,
366 3417 399 3466 ut
417 3412 455 3466 ad
472 3411 568 3484 ipsum
582 3412 778 3467 emolumenta
791 3414 971 3484 perveniant,
984 3413 1021 3468 nd
1034 3431 1121 3485 quem
1138 3432 1202 3485 por·

168 3496 183 3523 ‘¹
199 3499 272 3553 tinet
301 3514 389 3552 onera
415 3496 568 3561 sustinere,
596 3496 776 3552 adhaerentes
806 3498 912 3552 rationi
950 3499 1094 3564 volumus,
1126 3499 1204 3569 qnod

168 3581 183 3604 ‘⁶
201 3582 365 3651 ubicunque
393 3579 721 3652 Sub-eleemosynarius,
748 3581 799 3652 qni
826 3600 897 3636 onus
916 3583 1049 3649 sustinet,
1069 3601 1203 3656 persona·

166 3664 181 3690 ‘⁴
198 3665 264 3720 liter
283 3663 409 3728 intersit,
430 3663 523 3735 ipsius
542 3668 655 3719 tantum
673 3663 790 3721 intersit
808 3665 940 3722 licentias
957 3666 993 3721 do
1012 3666 1202 3741 eleemosyna,

167 3749 183 3773 ‘⁶
200 3767 251 3805 sno
268 3748 409 3821 periculo,
429 3747 538 3818 praevia
556 3747 793 3813 consideratione,
811 3750 926 3806 donare.

191 4026 230 4095 Ut
252 4027 582 4096 monasticamque
606 4027 647 4095 ln
669 4030 851 4116 Rescelotlo
873 4031 914 4098 ire
936 4032 1009 4098 suis
1032 4030 1180 4100 vecellis.

198 4185 216 4208 “
228 4182 315 4246 Item,
330 4182 467 4252 quoniam
478 4183 510 4238 in
521 4184 599 4238 omni
611 4201 697 4254 opere
714 4202 771 4239 nou
789 4185 883 4240 solnm
902 4186 972 4256 qnid
990 4186 1131 4258 expediat,
1151 4189 1203 4243 sed
1215 4188 1307 4266 Menke

168 4265 184 4289 ‘¹
202 4267 289 4322 etiam
297 4267 369 4336 quid
380 4267 470 4323 liceat
482 4275 512 4323 et
523 4267 633 4331 deceat,
642 4274 687 4322 est
697 4269 885 4339 pensandum,
900 4271 1066 4326 ordinamus
1084 4278 1119 4326 nt
1135 4290 1201 4326 cum
1214 4264 1299 4334 ⁸⁰⁰¹!ss
1310 4273 1338 4308 ⁸⁸

168 4350 185 4374 ‘⁴
203 4350 307 4406 fratres
326 4350 468 4406 nauibus
487 4352 518 4406 in
536 4351 702 4406 Refectorio
714 4352 852 4416 serviant,
872 4354 950 4423 qnod
967 4354 1003 4408 de
1022 4359 1125 4409 catere
1143 4373 1202 4410 ser·
1214 4332 1332 4374 ’ΝΜ

200 4489 283 4496 ι...
298 4489 899 4497 -,.-,-..-.-.--.-.--,-,.---..--.-
1042 4494 1203 4501 .,----.

199 4573 205 4606 ¹
218 4575 329 4627 Omitted
340 4573 365 4624 in
377 4575 434 4626 MS.
736 4576 747 4609 ³
758 4579 918 4642 oportunitate
929 4576 955 4628 iu
967 4581 1021 4631 MS.

199 4653 209 4687 ²
229 4654 259 4704 do
277 4654 304 4704 in
317 4654 373 4706 MS.
