3038 5452
421 710 631 763 uouasrnarr
653 710 773 761 savmr
796 707 935 759 annam.
1135 689 1202 761 317

156 900 289 978 nissent,
323 898 413 964 misit
447 900 561 964 Abboo
592 883 766 984 quemdam
801 896 995 962 monachum
1022 914 1082 981 pro
1112 892 1202 958 diota
1231 892 1348 954 nichao,

155 1001 357 1089 obligatione
379 1001 443 1066 sibi
456 1000 649 1067 ¹deferendo
696 999 763 1080 Qui
790 1021 865 1065 cum
895 997 1040 1064 venisset
1061 996 1103 1061 ad
1135 995 1202 1060 dic·
1242 960 1339 1090 Am,

155 1109 228 1170 tum
258 1104 425 1182 Thomam,
456 1125 664 1191 nequaquam
695 1096 802 1167 voluit
833 1099 1024 1188 permittere
1055 1120 1140 1180 eum,
1164 1103 1203 1164 ut
1223 1093 1347 1212 51ng

154 1211 308 1293 tangeret
341 1208 395 1273 vel
428 1206 557 1272 videret
589 1205 674 1272 illud
707 1204 874 1292 seriptum.
930 1202 1056 1269 Audire
1090 1208 1203 1268 tomen
1260 1195 1356 1268 ...’

154 1331 272 1396 parum
294 1309 373 1375 inde
395 1306 545 1396 permisit
559 1308 703 1374 eundem
716 1307 922 1388 monachum,
938 1312 973 1372 et
986 1327 1063 1371 mox
1079 1305 1203 1393 obligo·
1215 1292 1373 1411 “wiht

155 1413 280 1478 tionem
297 1411 439 1498 jactavit
463 1411 498 1475 in
513 1411 630 1498 ignem.
677 1409 774 1491 Quod
788 1410 913 1475 factum
928 1409 1021 1475 dedit
1044 1408 1203 1474 indicium
1215 1376 1326 1478 liveo'

155 1537 232 1580 eum
256 1514 336 1579 false
365 1514 579 1580 calumniasse
610 1513 785 1593 Abbotem,
811 1517 846 1578 et
875 1511 1007 1597 injuste.
1054 1494 1372 1612 caveantpprtymma

155 1639 233 1704 ergo
250 1616 356 1682 futuri
378 1639 421 1682 ne
442 1594 629 1703 hujusmodi
647 1616 849 1684 falsitatibus
868 1615 1176 1682 circumveniantur.

156 1899 334 1966 Procceaua
352 1898 479 1985 plorata·
500 1898 594 1965 inter
618 1898 822 1966 Willebaam
843 1899 922 1966 Arte
944 1900 1061 1967 Penne
1083 1907 1113 1967 ct
1134 1901 1203 1967 Ma>

248 2001 400 2083 cboclcm,
414 2001 577 2068 Abbotom
590 2000 795 2068 Menoetae
810 2001 930 2068 Swoto‘
945 2001 1088 2082 Albani,
1103 2025 1206 2090 super

247 2103 456 2192 quibasdam
486 2104 588 2171 terrm
619 2112 649 2171 et
681 2105 877 2173 tommentis
899 2106 1027 2173 Borvoet
1048 2113 1077 2174 et
1099 2107 1205 2175 Soulia

250 2207 417 2294 Mpmmaa
437 2207 601 2283 alteratio

203 2364 299 2432 Circo
320 2370 450 2452 tempus
476 2362 576 2442 istud,
607 2363 741 2450 quidam
764 2363 950 2432 Willelmus
980 2365 1063 2433 Atto
1085 2366 1205 2447 Penne,
1219 2378 1330 2430 william

158 2489 232 2533 eum
257 2467 371 2532 maun
393 2467 467 2532 aaa
490 2467 531 2531 a
547 2466 628 2531 vina
650 2467 690 2532 ae
706 2466 755 2531 aa
775 2467 908 2546 sama,
922 2468 1020 2534 fusa
1046 2474 1080 2535 ee
1102 2469 1205 2536 oecur-
1218 2445 1375 2573 23⁶5&

159 2576 211 2636 tae
238 2570 368 2637 chartae
395 2570 460 2635 sibi
481 2569 601 2635 fecerat
624 2569 799 2649 fabricari;
827 2576 861 2636 et
890 2571 998 2659 sigilla
1024 2573 1065 2638 de
1091 2572 1207 2638 vendi·
1218 2587 1244 2692 pt
1255 2578 1357 2638 Barna,

160 2674 249 2739 tione
272 2678 307 2738 et
329 2673 504 2759 emptione,
526 2672 620 2758 quasi
643 2671 683 2738 de
706 2671 811 2737 libera
832 2678 920 2739 terra
942 2680 977 2741 et
999 2675 1205 2754 tenementis,
1218 2646 1375 2777 ,ffiffi

159 2777 229 2843 sine
252 2775 390 2841 scientio
411 2773 555 2840 Abbatis
577 2774 631 2840 vel
662 2774 860 2841 ballivorum
894 2797 1036 2856 suorum,
1062 2776 1247 2843 fecerantto
1260 2777 1324 2828 have

158 2878 222 2944 hiis
245 2879 389 2965 opponi:
414 2899 471 2964 per
493 2899 576 2962 quos
599 2875 728 2941 chortao
750 2884 855 2943 terrae
877 2883 911 2945 et
933 2885 1124 2946 tenemento
1149 2902 1207 2944 na
1219 2845 1348 2975 ffiffig

159 2981 232 3046 tivo
269 2987 381 3047 tenere
417 2979 518 3044 libere
555 2979 593 3043 in
627 2984 821 3066 perpetuum
856 2981 1056 3068 cogitabant.
1112 2982 1208 3063 Quod
1219 2975 1354 3092 {gadaban

160 3082 324 3150 Dominus
353 3081 466 3148 Abbos
497 3081 685 3169 percipiens,
718 3087 821 3147 terras
854 3088 889 3148 et
920 3089 1110 3150 tenemento
1148 3051 1378 3175 suofflffi,

160 3184 320 3272 praedicta
342 3186 379 3249 in
396 3206 498 3249 manu
520 3206 580 3249 suo
602 3182 728 3249 saisivit
750 3206 808 3270 per
824 3183 964 3251 ballivos
987 3208 1071 3265 suos,
1087 3174 1354 3292 quous-&mgb

159 3309 223 3373 que
245 3287 466 3373 inquireretur
488 3285 650 3372 quomodo
667 3286 764 3352 dictae
787 3291 884 3353 terrae
906 3292 942 3353 et
964 3292 1153 3354 tenemento
1172 3289 1209 3353 in
1333 3279 1340 3293 '

160 3389 292 3455 feodum
327 3388 527 3453 dominicum
566 3389 783 3454 intraverunt.
843 3388 1061 3455 Considerans
1095 3391 1209 3456 Abbas
1222 3411 1311 3462 Abba

160 3497 266 3580 rgrtur
279 3491 349 3557 fore
367 3490 473 3556 levrus
490 3495 606 3556 contro
628 3513 731 3555 unum
748 3512 846 3577 quam
866 3493 1024 3579 plunmos
1044 3493 1208 3582 placitone,
1220 3476 1371 3594 ffffim

160 3595 303 3681 incipere
326 3593 471 3659 decrevit
501 3597 617 3685 contra
645 3592 847 3660 Willelmum
870 3597 952 3662 Atte
983 3596 1096 3662 Penne
1126 3612 1362 3684 prae-toproeeed

162 3696 306 3777 dictum3
322 3701 368 3774 ut,
383 3693 566 3773 falsissimo,
581 3702 617 3759 et
632 3694 669 3758 in
684 3692 694 3730 ¹
708 3694 801 3760 falsis
815 3697 995 3764 fortissimo
1020 3701 1207 3777 eorundem,
1220 3677 1317 3808 m,

161 3798 339 3875 confutato,
378 3795 489 3863 caeteri
525 3796 791 3884 pertimescerent
828 3800 1053 3886 hujuscemodi
1088 3799 1208 3869 calum-
1220 3807 1334 3859 william

163 3902 263 3978 aiore,
287 3899 340 3966 vel
364 3909 585 3975 manutenere,
610 3898 740 3964 chartas
761 3900 869 3967 falsae
1219 3874 1314 3991 ffi,

207 4002 392 4068 Willelmus
414 4001 525 4088 igitur,
540 4000 756 4068 nihilominus
770 4003 950 4071 formidans
970 4029 1063 4072 suam
1078 4029 1209 4073 causam
1221 4035 1335 4087 william

162 4105 322 4192 injurtam
345 4103 473 4190 exequi,
497 4104 626 4170 chartas
649 4126 733 4184 suas,
755 4127 836 4191 quas
859 4107 904 4172 sic
927 4115 1160 4196 composuerat,
1175 4116 1209 4176 et
1220 4102 1362 4219 ffiss‘ilffi·

163 4230 253 4295 quas,
276 4214 316 4273 ut
345 4206 538 4273 viderentur
563 4206 757 4273 verisimiles
787 4231 844 4295 per
873 4210 1004 4298 longam
1035 4210 1148 4278 datam
1175 4217 1304 4295 elaeon,

163 4315 365 4377 vetustatem
391 4310 602 4391 membranae,
628 4310 664 4374 in
689 4309 781 4376 fumo
803 4312 919 4378 domus
946 4335 1014 4379 ouae
1036 4315 1211 4401 suspende.
1222 4301 1377 4433 atham

165 4496 369 4506 --—----.-.
799 4496 861 4502 ...-
872 4497 880 4502 .
887 4494 1028 4503 ...ῳ-..-
1034 4495 1210 4505 m—-m

576 4575 742 4656 mainus.
