3038 5452
556 722 735 774 sirmeum
759 704 820 795 (o.)

479 973 530 1042 De
552 994 683 1042 measa
704 973 906 1043 Mollierunt

206 1117 224 1144 ‘⁸
238 1115 278 1171 Ll't
290 1114 361 1187 quia
371 1131 425 1188 per
442 1131 594 1172 accessum
611 1114 770 1170 mulierum
788 1114 957 1186 frequenter
975 1113 1110 1170 criuntur
1121 1119 1221 1172 ¹scen·

168 1202 189 1229 “
210 1197 277 1255 dala
294 1204 324 1255 et
341 1199 420 1255 male
435 1215 494 1254 non
505 1198 629 1265 modica,
644 1216 733 1271 super
751 1197 849 1255 omnia
860 1198 1058 1270 probibemus,
1071 1215 1109 1253 ne
1121 1199 1221 1272 alique

170 1287 190 1313 “
210 1282 318 1339 mulier
335 1283 519 1355 ingrediatur
530 1283 660 1356 hospitia
671 1284 806 1349 trabum,
820 1287 927 1355 praeter
939 1299 1121 1339 communem
1138 1282 1221 1341 lotri-

166 1370 187 1396 “
207 1384 271 1422 eam
288 1367 401 1432 demus,
423 1385 488 1438 quae
514 1367 553 1423 sit
570 1372 693 1422 maturas
715 1367 809 1423 aemffis
828 1373 858 1423 et
877 1367 960 1424 bonae
978 1366 1216 1434 conversationis,

165 1453 186 1478 “
207 1450 244 1506 de
263 1469 321 1522 qua
346 1451 429 1506 nulle
448 1451 543 1522 possit
566 1469 631 1507 esse
659 1451 778 1510 sinistra
803 1451 941 1523 suspicio.
978 1451 1043 1508 Neo
1067 1452 1121 1507 illa
1144 1471 1218 1525 prrs-

165 1537 187 1563 “
207 1540 304 1591 sumet
320 1534 431 1591 intrare
449 1534 550 1590 domos
562 1534 681 1590 illorum
699 1536 881 1608 temporibus
894 1536 1049 1608 suspectis,
1069 1536 1122 1593 sed
1137 1536 1217 1593 horis
1293 1528 1302 1546 ⁹

166 1622 187 1648 “
205 1619 322 1686 debitis,
347 1625 382 1675 ut
406 1619 471 1691 ejus
497 1619 651 1691 ingressus
679 1624 709 1676 et
736 1637 874 1691 egressus
900 1620 936 1675 ab
963 1621 1098 1676 omnibus
1124 1622 1219 1692 possit

166 1706 187 1732 ‘⁸
206 1703 312 1759 videri.
346 1702 557 1769 Veruntamen,
585 1704 612 1759 si
638 1708 733 1759 mater
757 1703 807 1760 vel
834 1719 925 1767 soror,
945 1704 994 1761 vel
1013 1704 1072 1759 alie
1096 1705 1219 1761 honesta

167 1790 188 1815 “
205 1793 346 1852 matrona,
366 1788 482 1844 venerit
499 1787 541 1842 ibi
559 1805 647 1843 causa
664 1787 803 1842 visitandi
821 1786 961 1851 infirmos,
981 1787 1088 1843 habeat
1105 1789 1218 1859 ingres·

167 1873 189 1899 “
209 1888 275 1926 sum
303 1870 341 1926 sd
365 1870 460 1937 illum,
487 1889 554 1926 eum
581 1888 639 1940 quo
668 1869 750 1941 loqui
779 1869 916 1925 voluerit.
949 1870 988 1924 Et
1016 1870 1072 1926 hoo
1101 1871 1153 1927 fiat
1181 1872 1218 1927 de

166 1958 187 1982 ‘⁴
205 1953 324 2009 lieentia
341 1953 478 2010 Custodia
497 1954 617 2020 domus3
637 1953 723 2009 aliter
740 1970 798 2009 non
810 1952 1003 2024 ingrediatur,
1018 1954 1218 2026 cujuscunque

169 2043 190 2067 “
208 2038 248 2094 sit
260 2038 444 2094 conditionis.
482 2039 626 2094 Mulieres
638 2055 709 2093 vero
727 2036 802 2093 levis
820 2039 906 2093 fames
926 2043 956 2094 et
972 2037 1057 2094 malae
1075 2039 1219 2110 opinionis

166 2128 187 2153 “
202 2122 331 2195 hospitia
347 2122 429 2178 nullo
447 2122 532 2178 modo
550 2122 764 2194 ingrediantur.
873 2134 899 2157 ·’

455 2359 506 2423 De
530 2357 726 2426 comestione
748 2356 951 2426 Metiscum.

208 2509 330 2566 “Nulli
355 2528 427 2582 ergo
454 2510 579 2565 frenum
605 2509 695 2567 liceat
723 2509 849 2566 invitare
878 2510 1027 2577 mulieres,
1057 2520 1092 2569 ut
1121 2532 1220 2572 secum

171 2597 190 2622 “
210 2593 363 2650 comedant
392 2594 424 2649 in
453 2593 589 2649 domibus
621 2593 692 2658 suis,
722 2600 843 2666 propter
872 2612 992 2652 oausam
1016 2596 1080 2668 jam
1104 2598 1222 2665 dictam,

172 2681 190 2706 “
210 2684 317 2750 prater
342 2695 482 2750 personas
511 2683 706 2749 praenotatas3
736 2684 766 2734 et
791 2679 845 2734 hoe
872 2679 908 2734 de
934 2679 1073 2752 Magistri
1103 2683 1224 2740 lieentia

170 2766 190 2790 “
210 2761 330 2834 speciali
348 2761 408 2818 fiat.
446 2761 570 2818 Proviso
588 2767 695 2827 tamen,
715 2762 794 2833 quod
805 2763 887 2818 nulla
903 2765 1012 2821 mulier
1029 2765 1220 2823 ultrahoram

170 2849 189 2874 ‘⁴
210 2845 338 2902 debitam
362 2862 476 2900 moram
502 2844 592 2901 saciat
617 2863 684 2901 cnm
702 2846 764 2910 sier
793 2845 845 2902 sed
870 2864 1000 2919 congruo
1024 2854 1156 2922 tempore
1176 2870 1221 2908 re-

168 2932 188 2958 “
208 2928 320 2985 cedant.
369 2928 427 2997 Qui
455 2933 556 2984 autem
582 2928 669 2986 aliter
696 2929 809 2995 feeerit,
838 2935 979 3002 tunquam
1005 2933 1155 2991 convictus
1186 2936 1223 2990 de

171 3016 191 3042 “
211 3012 422 3071 incontinentia
440 3013 588 3084 puniatur.

472 3256 521 3321 De
544 3253 720 3322 discordie
742 3253 918 3323 sectam

208 3409 357 3467 “Fratres
383 3410 441 3467 sibi
466 3410 594 3468 invicem
622 3410 768 3476 obediant,
788 3416 819 3467 et
835 3408 1032 3468 reverentiam
1057 3409 1221 3477 exhibeant,

172 3498 191 3522 “
211 3493 325 3551 dicente
361 3493 579 3566 ²Apostolo,—‘
594 3494 714 3551 Honore
750 3494 878 3550 invicem
908 3493 1139 3566 pravenientes!
1189 3495 1222 3552 Si

171 3581 192 3607 “
212 3579 278 3650 qnia
299 3596 370 3635 vero
388 3579 525 3635 inventus
552 3578 644 3634 suerit
671 3579 881 3644 contentiosus,
901 3583 931 3635 et
949 3577 1094 3634 seminans
1113 3579 1222 3635 discor-

172 3666 192 3691 “
212 3663 274 3719 dies
293 3662 370 3720 inter
388 3664 505 3730 frames,
526 3662 704 3735 corripiatur
728 3663 820 3719 semel
838 3669 868 3719 et
886 3661 997 3718 iterum
1007 3684 1015 3730 ;
1036 3664 1158 3735 quodsi
1178 3664 1221 3719 sic

171 3750 190 3775 “
210 3764 241 3804 ec
258 3765 316 3804 non
334 3748 542 3815 emendaverit,
562 3766 614 3820 per
633 3747 861 3805 subtractionem
887 3747 1068 3805 liberationis
1092 3766 1153 3804 suae
1171 3766 1220 3804 us·

171 3834 191 3860 “
211 3850 268 3904 que
286 3831 324 3888 ad
342 3832 517 3905 condignam
535 3832 765 3889 satisfactionem
783 3832 954 3905 castigetur.

517 4067 565 4130 Do
589 4064 686 4129 bouis
708 4062 880 4129 habendis.

205 4216 274 4275 “nt
292 4218 362 4290 quie
372 4219 469 4290 portio
486 4218 611 4274 demum
629 4233 688 4270 non
705 4214 867 4270 suffieiteis
879 4214 1027 4269 adomnia
1043 4215 1218 4281 necessaria,

170 4304 190 4331 “
209 4301 298 4358 lineat
315 4302 359 4358 eis
376 4302 484 4357 habere
508 4303 584 4358 bona
601 4299 730 4365 mobilia,
750 4303 781 4354 et
799 4316 864 4370 quae
882 4299 1004 4354 honeste
1031 4304 1155 4370 possunt
1171 4299 1220 4353 ad-

170 4387 190 4414 “
210 4385 338 4457 quirere,
351 4386 389 4442 ad
401 4386 614 4458 suppletionem
632 4384 764 4440 deiectus
783 4400 894 4449 eorum,
914 4387 944 4438 et
961 4382 1140 4438 infirmitatis
1153 4401 1219 4467 'suas

206 4636 214 4667 ¹
226 4636 321 4688 κακὼ
331 4637 359 4687 in
370 4637 428 4690 MS.
440 4636 561 4689 Claudius
572 4637 601 4688 u
615 4637 649 4688 iv.
686 4635 692 4704 Ι
739 4634 829 4687 'Rem
841 4634 884 4686 xii.
899 4640 937 4686 lo.
