3038 5452
333 688 396 750 32ss
710 702 816 750 omre
838 703 1002 752 semron

171 918 307 1037 'Mffll
421 901 471 967 De
493 900 701 967 ncinacalcaa
722 899 932 986 prarwticac
951 900 1078 988 plccciti
1094 898 1291 989 praemiati

190 1051 285 1109 Aeaee,
378 1045 430 1113 Ut
454 1049 567 1112 autem
598 1048 785 1114 claresceret
819 1047 971 1114 divinum
996 1047 1142 1116 savorem
1167 1049 1236 1114 suis
1262 1048 1377 1136 coeptis

185 1119 308 1236 ,galga
331 1149 490 1232 assistere,
522 1149 575 1215 die
605 1172 670 1236 quo
693 1150 800 1215 dictus
826 1149 1010 1217 Willelmus
1030 1153 1112 1218 Atta
1136 1151 1248 1217 Penne
1268 1172 1380 1218 omnes

208 1281 276 1343 7-
331 1253 454 1319 milites
472 1259 507 1319 et
528 1253 706 1341 armigeros
725 1253 851 1339 patriae,
871 1276 939 1319 non
958 1255 1028 1319 sine
1054 1253 1215 1344 1pecunia
1245 1259 1380 1331 tractos,

164 1331 192 1382 A
203 1331 304 1382 marsele
331 1362 445 1421 contra
464 1354 631 1421 Abbatem
651 1355 868 1435 conduxisset,
884 1357 993 1444 puella
1012 1356 1173 1444 quaedam,
1188 1357 1278 1446 apud
1293 1355 1384 1423 Red-

164 1398 318 1516 iirtidihtime
330 1458 471 1523 barnam
491 1457 667 1535 submersa,
682 1462 717 1523 et
739 1480 797 1545 per
815 1463 924 1524 rotam
939 1459 1119 1525 molendini
1140 1459 1307 1539 devoluta,
1323 1481 1383 1547 per

163 1531 302 1663 {ffiof
331 1560 449 1626 merita
469 1559 565 1625 Beati
581 1558 703 1625 Albani
717 1559 783 1626 fuit
799 1561 879 1627 vitae
899 1561 1029 1626 reddita
1042 1561 1245 1628 miraculose.
1282 1561 1382 1642 Quod

164 1663 307 1715 saalum.
328 1661 549 1744 miraculum,
571 1663 795 1727 examinatum
821 1668 856 1728 et
886 1664 1070 1750 probatum,
1090 1685 1203 1729 omnes
1232 1663 1383 1730 reddidit

162 1730 251 1861 liiii}
330 1766 468 1852 pavidos
489 1764 531 1830 ad
554 1764 728 1830 dicendum
752 1769 864 1830 contra
882 1765 937 1851 jus
960 1765 1100 1832 eeclesiae
1122 1766 1194 1853 ipso
1215 1766 1278 1832 die.

162 1875 200 1925 ln
211 1875 285 1926 effect
375 1867 409 1932 N
410 1889 445 1933 ec
465 1867 574 1933 miuus
594 1868 722 1954 peregit
741 1868 864 1933 Beatus
880 1868 1009 1954 Martyr
1032 1868 1225 1934 miraculum
1242 1890 1283 1933 ea
1297 1869 1379 1946 vioe,

163 1942 270 2059 ἓξὲξ,
329 1970 374 2034 ad
393 1967 629 2036 confutandum
657 1968 780 2035 milites
800 1975 835 2034 et
861 1970 1040 2056 armigeros
1067 1970 1124 2057 qui
1154 1975 1378 2036 convenerant

161 2075 241 2125 ofthe
330 2076 445 2137 contra
464 2093 546 2136 eum.
593 2070 689 2135 Miles
715 2070 860 2156 quidam,
888 2072 1015 2138 Abbati
1039 2077 1175 2158 perante
1205 2094 1376 2159 nunquam

158 2141 316 2276 fflmoeg'
330 2175 490 2263 cognitus,
506 2179 659 2239 strenuus
674 2177 794 2251 tamen,
816 2178 850 2239 et
871 2196 973 2239 manu
995 2180 1176 2262 promptus,
1191 2176 1251 2262 qui
1274 2197 1376 2267 nuper

159 2241 316 2371 deditii&
328 2277 370 2342 de
389 2275 507 2347 werris,
525 2276 626 2363 Regis
647 2280 786 2342 venerat
813 2277 1050 2354 transmarinis,
1067 2278 1283 2344 “Willehnus
1300 2278 1374 2346 Cor-

161 2357 276 2477 ἓξὲξ
337 2376 446 2444 ‘bet’'
466 2377 606 2458 nomine,
633 2398 706 2443 cum
729 2379 923 2464 praedictum
943 2380 1088 2446 audisset
1116 2381 1323 2462 miraculum,
1343 2388 1374 2447 et

159 2492 314 2543 sandcfonh
326 2479 470 2546 Abbatie
501 2501 640 2558 causam,
674 2501 712 2544 eo
749 2485 898 2567 tempore
930 2504 994 2567 quo
1032 2504 1140 2547 coram
1176 2482 1374 2548 Justiciariis

159 2558 293 2689 {ffiepion
328 2581 492 2648 Henricus
512 2581 618 2647 Grene
636 2581 760 2646 domini
776 2582 829 2647 sui
849 2581 992 2648 Abbatis
1010 2584 1180 2671 negotium
1196 2586 1373 2672 proposuit,

161 2689 242 2742 osche
326 2683 438 2750 subito
467 2688 584 2762 tactus,
612 2689 651 2748 ut
683 2684 853 2761 credimus
886 2684 1007 2772 spiritu
1038 2686 1200 2763 veritatis,
1233 2688 1374 2753 surrexit

159 2755 244 2808 Μ’
324 2786 480 2863 celeriter,
511 2793 612 2871 atque
642 2785 750 2868 dixit3
766 2824 807 2835 -
821 2785 974 2866 “Hanc'’
998 2787 1055 2864 ait,
1085 2795 1251 2867 “causam,
1276 2811 1372 2875 quam

325 2896 343 2921 “
365 2887 428 2953 iste
459 2887 633 2974 peroravit,
672 2910 733 2974 ego
759 2893 920 2975 tanquam
953 2910 1066 2953 veram
1100 2897 1311 2969 manuteneo,
1340 2896 1373 2957 et

325 3000 341 3025 “
358 2991 453 3075 jactu
476 2988 691 3055 ³chirothecae
714 3012 797 3056 meae
824 2989 991 3057 defendo.”
1052 2991 1125 3072 Quo
1159 2992 1270 3070 verbo,
1301 2998 1373 3058 tan-

323 3116 421 3179 quam
445 3090 521 3172 telo,
545 3092 734 3179 repercussi,
757 3114 869 3158 omnes
891 3099 926 3158 et
948 3092 1070 3180 singuli
1092 3098 1277 3171 tacuenrnt,
1301 3118 1372 3162 cum

323 3195 394 3261 viro
417 3193 571 3283 congredi
593 3216 660 3259 non
683 3194 853 3260 audentes.
915 3195 1049 3260 Talibus
1072 3196 1298 3263 occasionibus
1324 3221 1371 3264 re

322 3297 491 3384 cuperavit
507 3297 564 3382 jus
588 3317 683 3360 suum
708 3296 853 3360 Ecclesia
874 3318 913 3362 ea
934 3297 1014 3364 vice.

322 3507 497 3595 Scriptum
511 3506 741 3576 ‘donacionis
751 3504 937 3584 Michaelis,
948 3504 1088 3572 Albesia
1099 3505 1220 3575 Sancti
1228 3509 1370 3585 Albani,

416 3608 580 3677 Willetnao
596 3611 673 3676 Ata
695 3610 823 3688 Penne,
839 3615 869 3677 et
891 3607 1079 3676 haeredibus
1100 3609 1184 3690 anis,
1207 3610 1248 3676 de
1271 3611 1370 3680 nna

410 3718 440 3778 a
462 3710 658 3777 tenementis
677 3710 886 3798 prenotatis.

155 3849 233 3901 Ima
359 3845 378 3871 “
396 3842 508 3899 Notum
526 3842 566 3899 sit
583 3844 717 3899 omnibus
742 3843 779 3900 ad
805 3861 878 3915 qnos
905 3849 1064 3914 praesentes
1089 3843 1196 3899 litterae
1214 3843 1371 3902 indentate

154 3917 260 4031 ἕψω
323 3931 341 3956 “
360 3926 555 4000 pervenerint,
582 3927 660 3998 quod
683 3945 745 3991 noe,
764 3927 902 3991 Michacl,
922 3927 1115 3997 permissione
1136 3927 1246 3994 divina,
1272 3929 1370 3985 Abbae

155 3983 292 4099 Xssbhgssbl'
322 4015 340 4040 “
360 4010 531 4067 Monasterii
552 4009 652 4066 Sancti
679 4011 795 4075 Albani,
822 4016 852 4066 et
872 4011 1005 4080 ejusdem
1023 4010 1078 4066 loci
1100 4010 1279 4077 Conventus,
1305 4032 1370 4069 con·

153 4115 301 4167 ffichfflw
320 4101 338 4126 ‘⁴
358 4098 501 4153 cessimus
520 4100 550 4149 ct
567 4095 733 4151 dimisimus
751 4096 900 4151 Willelmo
919 4095 989 4150 Atto
1008 4093 1115 4160 Penne,
1136 4095 1172 4150 de
1191 4097 1234 4151 La
1252 4097 1370 4162 Bar-net,

154 4181 269 4233 William
321 4184 339 4210 “
358 4188 388 4236 et
405 4181 515 4245 Elenae,
536 4179 619 4233 uxori
638 4180 711 4249 ejus,
726 4181 855 4250 quinque
873 4179 1025 4249 mesnagia
1043 4179 1073 4232 in
1091 4178 1165 4234 villa
1177 4180 1213 4234 de
1234 4180 1369 4254 Cheping

354 4402 360 4432 ¹
372 4403 489 4466 peccunia
506 4399 533 4450 in
545 4400 600 4451 MS,
894 4399 904 4429 ³
916 4398 1033 4448 cnodrcce
1044 4399 1071 4448 in
1082 4399 1139 4450 MS.

353 4481 420 4531 ²See
436 4480 618 4544 Walaingham
643 4480 709 4531 Hisl.
733 4481 814 4545 Angit,
896 4478 1050 4526 ⁴‹unissicnis
1068 4477 1094 4526 in
1114 4479 1155 4528 the
1173 4487 1235 4541 text,
1253 4482 1298 4531 but
1311 4499 1365 4534 cor·

320 4556 378 4607 Vol
391 4557 446 4619 l.p.
460 4561 516 4615 263,
534 4558 600 4606 fora
619 4557 691 4606 fuller
710 4563 818 4607 account
864 4559 947 4606 rectcd
965 4558 991 4606 in
1023 4557 1065 4607 the
1090 4557 1198 4623 margin,
1216 4559 1243 4609 in
1272 4577 1288 4610 a
1304 4562 1367 4613 later

320 4635 347 4685 ol
356 4633 405 4684 this
416 4635 511 4700 alleged
522 4636 630 4686 miracle.
864 4636 937 4686 hund.
