3038 5452
233 682 297 749 472
392 720 396 727 -
622 694 797 746 svrnnmx
821 681 882 765 (A.)

343 889 391 952 De
408 889 602 973 jurantenlo
632 890 849 956 Vicesimum
871 889 918 954 erl
939 887 1170 954 residentiam.

271 1043 289 1065 “
311 1041 385 1096 Sanc
404 1059 470 1096 cnm
490 1042 540 1112 qui
558 1059 658 1097 curam
677 1042 807 1097 obtinent
819 1042 982 1096 animarum
994 1048 1077 1095 extra
1095 1057 1177 1095 suem
1192 1054 1258 1110 pero

237 1129 255 1151 ‘⁶
276 1126 380 1191 chiam,
394 1133 501 1197 praeter
520 1128 623 1182 salutis
635 1127 809 1197 pericnlum,
828 1126 932 1196 vagari
950 1144 1007 1181 non
1024 1127 1150 1197 possint,
1163 1123 1260 1178 aclieel

237 1213 255 1236 “
275 1211 328 1264 hoc
356 1218 521 1265 sanctorum
546 1217 663 1281 patrum
688 1209 826 1265 decernat
851 1211 1018 1274 auctoritas,
1039 1216 1140 1264 tamen
1160 1208 1195 1263 ab
1215 1207 1261 1261 hiis

236 1297 255 1320 ⁴‘
275 1295 327 1365 qui
344 1295 532 1365 temporalem
549 1295 677 1349 fructum
695 1294 761 1365 plns
780 1294 910 1364 diligunt
928 1313 1015 1366 quam
1034 1300 1186 1357 aeternum,
1198 1291 1264 1346 inve·

236 1382 254 1404 “
274 1379 354 1432 nitur
367 1379 472 1448 saepins
485 1384 595 1432 temere
607 1396 664 1432 non
677 1383 825 1433 servatum
837 1401 845 1443 ;
864 1396 917 1432 nos
930 1386 1040 1442 contra,
1060 1377 1116 1431 hoe
1129 1374 1264 1446 agentium

236 1465 254 1488 ‘¹
274 1462 416 1516 malitiam
434 1479 616 1532 compescere
635 1462 775 1526 volentes,
796 1462 953 1518 statuimus
971 1469 1005 1517 ut
1021 1461 1124 1516 nullus
1150 1460 1187 1515 ad
1211 1475 1265 1531 per·

236 1549 253 1571 “
273 1552 391 1615 petuam
409 1546 558 1610 vicariam,
578 1546 626 1599 vel
644 1546 821 1616 parochiam,
841 1564 893 1617 pre
912 1552 1042 1618 tempore
1061 1544 1224 1616 regendam
1238 1540 1266 1595 de

235 1633 254 1656 “
273 1635 378 1684 caeterc
396 1629 576 1693 admittatur,
591 1630 648 1684 nisi
659 1630 742 1700 prius
756 1630 839 1700 juret
850 1630 1040 1684 residentiam
1060 1629 1172 1683 ibidem
1183 1627 1266 1682 smne

235 1718 253 1740 “
273 1714 470 1784 corporalem
490 1721 532 1777 ut,
554 1715 580 1767 si
598 1713 739 1769 articulus
758 1714 944 1768 necessitatis
963 1719 1108 1782 emergat,
1123 1713 1202 1767 omni
1214 1727 1268 1782 pos·

235 1801 253 1824 “
273 1800 350 1852 centi
369 1800 399 1852 in
417 1797 613 1868 expectatione
632 1798 767 1853 continua
784 1797 892 1868 poterit
911 1815 975 1852 esse
994 1804 1125 1867 paratus

306 2043 357 2107 De
379 2039 630 2126 disparentiam
652 2061 753 2124 anper
774 2038 960 2104 candentia
988 2037 1217 2104 Vicere'oram.

271 2205 289 2228 “
309 2201 361 2256 Eis
379 2207 478 2255 tamen
495 2200 531 2253 de
550 2199 646 2269 gratia
664 2196 784 2269 speciali
803 2197 1001 2268 indulgemus,
1021 2202 1056 2251 ut
1080 2202 1199 2251 tantum
1222 2212 1269 2268 per

236 2290 254 2312 ‘¹
274 2304 364 2339 nnum
376 2285 464 2343 diem.
478 2301 512 2338 cx
530 2301 619 2337 causa
636 2281 803 2336 rationabili
816 2288 846 2336 et
857 2282 988 2344 honesta,
1003 2280 1163 2334 dnmmodo
1176 2277 1269 2334 eadem

235 2374 255 2397 “
274 2371 370 2440 gretia
387 2387 444 2423 non
462 2367 627 2431 abutantur,
649 2383 680 2421 se
698 2371 835 2436 poterunt
847 2365 1007 2420 absentare.
1046 2365 1094 2418 Ita
1107 2381 1187 2428 vero,
1202 2360 1271 2433 quod

235 2454 449 2508 “sufficientes
474 2452 599 2507 habeant
628 2450 801 2504 substitutos
827 2449 924 2503 medio
950 2455 1091 2518 tempore,
1120 2448 1151 2502 in
1177 2446 1271 2502 eedem

235 2542 253 2563 “
274 2537 410 2608 parochia
428 2542 648 2597 commorantes,
676 2540 705 2588 et
731 2532 808 2603 quod
834 2533 876 2587 eia
895 2533 1088 2595 incumberet,
1108 2548 1162 2603 per
1181 2530 1271 2585 omnia

236 2625 254 2648 “
275 2622 433 2683 iacientes3
463 2619 513 2689 qui
540 2619 629 2672 etiam
654 2619 732 2672 circa
749 2617 849 2671 divina
867 2616 1006 2687 obsequie
1024 2621 1054 2671 et
1073 2614 1199 2671 salutem
1218 2614 1272 2670 aui·

236 2708 254 2731 “
275 2721 386 2758 marum
404 2702 529 2771 vigilent
546 2701 712 2772 diligenter,
732 2707 762 2754 et
780 2699 937 2754 intendent.

493 2947 543 3011 De
562 2968 666 3031 pena
688 2968 760 3011 nora
781 2945 1012 3011 residentiam.

271 3103 289 3126 ⁴‘
311 3099 343 3154 Si
370 3099 436 3169 quis
465 3105 572 3160 autern,
592 3116 692 3151 euram
719 3097 828 3152 hebens
855 3098 1027 3159 animarum,
1057 3098 1137 3152 ultra
1161 3104 1272 3169 tempus

237 3187 254 3210 “
275 3183 419 3237 indultum
448 3200 478 3236 se
497 3200 515 3236 a
532 3181 669 3253 parochia
696 3198 750 3235 sua
776 3180 981 3244 absentaverit,
1001 3181 1059 3235 nisi
1079 3200 1098 3235 a
1116 3182 1210 3244 nobis,
1229 3181 1272 3235 vel

236 3272 254 3293 ‘⁶
274 3266 485 3321 Archidiaceno
512 3272 620 3329 nostro,
647 3266 736 3319 fuerit
761 3264 937 3329 licentiatus,
958 3283 1010 3335 pro
1029 3266 1155 3334 singulis
1175 3266 1272 3320 diebus

236 3355 254 3377 ‘¹
274 3352 352 3405 ultra
364 3350 441 3404 diem
454 3351 511 3405 sibi
523 3349 678 3413 indultum,
692 3348 864 3403 auctoritate
876 3350 1029 3419 presentis
1043 3349 1271 3411 Constitutiouis,

236 3438 254 3460 ‘⁵
274 3453 291 3487 a
309 3435 500 3489 celebratione
519 3434 684 3489 divinorum
702 3450 902 3502 parmensem
920 3432 960 3487 sit
977 3450 1145 3503 suspensus.

270 3670 318 3734 Dc
341 3670 544 3750 Rectoribaa
567 3693 625 3737 aaa
655 3671 813 3749 Vicarie's,
835 3671 1088 3738 Arcataacaa
1111 3673 1231 3740 Sancti

545 3773 676 3838 Albani
694 3773 954 3859 praesentarat-is.

270 3916 288 3938 ‘⁸
307 3912 455 3966 Praeterea
467 3912 604 3966 Rectores
618 3912 816 3977 ecclesiarum,
832 3913 894 3967 sive
906 3912 1028 3976 Vicarii,
1042 3913 1229 3982 presbyteros
1244 3912 1274 3965 in

234 3999 252 4021 ‘⁶
273 3998 334 4050 suis
353 3996 484 4050 ecclesiis
503 4013 560 4049 non
578 3993 740 4058 admittant,
755 3996 845 4050 donec
864 3996 930 4049 illos
948 3996 1042 4059 nobis,
1057 3997 1104 4050 vel
1123 3995 1274 4050 Archidin·

234 4084 252 4106 “
273 4098 344 4135 cono
362 4087 470 4144 nostro,
489 4084 714 4149 repraesentent3
741 4079 776 4133 de
796 4098 918 4150 quornm
939 4079 1129 4145 ordinatione,
1149 4081 1220 4144 vita,
1246 4092 1276 4134 et

234 4168 252 4190 “
273 4166 403 4229 seientia,
417 4163 517 4218 habita
529 4164 738 4218 examinatione
757 4164 901 4234 diligenti,
916 4164 961 4217 illi
980 4166 1031 4233 qui
1044 4165 1153 4234 reperti
1168 4165 1277 4219 inerint

234 4252 252 4273 ‘¹
273 4248 387 4303 ¹id0nei
407 4248 606 4312 admittantur,
626 4253 656 4301 et
682 4248 892 4318 stipendiorum
919 4248 1064 4316 quantitas
1093 4249 1124 4302 in
1145 4249 1274 4303 rotulum

234 4335 252 4357 ‘⁶
272 4332 421 4401 publicum
441 4330 568 4402 Capituli
587 4330 746 4401 redigatur.
784 4330 882 4385 Minus
902 4337 998 4384 autem
1018 4331 1143 4395 ¹idonei,
1157 4332 1194 4387 de
1207 4349 1275 4402 quo·

967 4491 1271 4498 --.—.-—-—-——-

627 4585 633 4618 ²
644 4585 728 4649 ydonri
739 4585 764 4633 lu
776 4584 832 4633 MS.
