<?xml version="1.0" encoding="UTF-8"?>
<!DOCTYPE html PUBLIC "-//W3C//DTD XHTML 1.0 Transitional//EN"
    "http://www.w3.org/TR/xhtml1/DTD/xhtml1-transitional.dtd">
<html xmlns="http://www.w3.org/1999/xhtml" xml:lang="en" lang="en">
 <head>
  <title>
</title>
<meta http-equiv="Content-Type" content="text/html;charset=utf-8" />
  <meta name='ocr-system' content='tesseract 3.04.00' />
  <meta name='ocr-capabilities' content='ocr_page ocr_carea ocr_par ocr_line ocrx_word'/>
</head>
<body>
  <div class='ocr_page' id='page_1' title='image "./gestaabbatummon00parigoog_0302.png"; bbox 0 0 3038 5452; ppageno 0'>
   <div class='ocr_carea' id='block_1_1' title="bbox 413 693 1194 766">
    <p class='ocr_par' dir='ltr' id='par_1_1' title="bbox 413 693 1194 766">
     <span class='ocr_line' id='line_1_1' title="bbox 413 693 1194 766; baseline -0.005 0"><span class='ocrx_word' id='word_1_1' title='bbox 413 714 626 766; x_wconf 81' lang='lat' dir='ltr'><strong>nonssmnn</strong></span> <span class='ocrx_word' id='word_1_2' title='bbox 648 712 771 766; x_wconf 76' lang='lat' dir='ltr'><strong>strom</strong></span> <span class='ocrx_word' id='word_1_3' title='bbox 793 710 930 764; x_wconf 75' lang='lat' dir='ltr'><strong>sanem.</strong></span> <span class='ocrx_word' id='word_1_4' title='bbox 1131 693 1194 765; x_wconf 80' lang='lat'><strong>271</strong></span> 
     </span>
    </p>
   </div>
   <div class='ocr_carea' id='block_1_2' title="bbox 154 896 1369 4086">
    <p class='ocr_par' dir='ltr' id='par_1_2' title="bbox 156 896 1369 1396">
     <span class='ocr_line' id='line_1_2' title="bbox 157 896 1369 972; baseline -0.007 -16"><span class='ocrx_word' id='word_1_5' title='bbox 157 905 175 931; x_wconf 82' lang='lat'><strong>‘¹</strong></span> <span class='ocrx_word' id='word_1_6' title='bbox 193 901 285 966; x_wconf 84' lang='lat' dir='ltr'><strong>stede,</strong></span> <span class='ocrx_word' id='word_1_7' title='bbox 304 899 406 955; x_wconf 85' lang='lat' dir='ltr'><strong>Abbas</strong></span> <span class='ocrx_word' id='word_1_8' title='bbox 424 901 482 955; x_wconf 90' lang='lat' dir='ltr'><strong>loci</strong></span> <span class='ocrx_word' id='word_1_9' title='bbox 499 901 642 972; x_wconf 70' lang='lat' dir='ltr'><strong>praedicti,</strong></span> <span class='ocrx_word' id='word_1_10' title='bbox 662 899 794 971; x_wconf 88' lang='lat' dir='ltr'><strong>ejusdem</strong></span> <span class='ocrx_word' id='word_1_11' title='bbox 811 897 914 954; x_wconf 74' lang='lat' dir='ltr'><strong>(lerini</strong></span> <span class='ocrx_word' id='word_1_12' title='bbox 925 918 928 924; x_wconf 92' lang='lat'>·</span> <span class='ocrx_word' id='word_1_13' title='bbox 939 911 1099 962; x_wconf 87' lang='lat' dir='ltr'><strong>successor,</strong></span> <span class='ocrx_word' id='word_1_14' title='bbox 1124 901 1197 950; x_wconf 79' lang='lat' dir='ltr'><strong>tem·</strong></span> <span class='ocrx_word' id='word_1_15' title='bbox 1210 896 1369 956; x_wconf 75' lang='lat' dir='ltr'><strong>Richardll,</strong></span> 
     </span>
     <span class='ocr_line' id='line_1_3' title="bbox 156 967 1341 1139; baseline -0.008 -12"><span class='ocrx_word' id='word_1_16' title='bbox 156 990 175 1098; x_wconf 79' lang='grc' dir='ltr'>ἶῖ</span> <span class='ocrx_word' id='word_1_17' title='bbox 192 985 750 1127; x_wconf 47' lang='lat' dir='ltr'><strong>dimittite-idid?</strong></span> <span class='ocrx_word' id='word_1_18' title='bbox 752 977 1199 1139; x_wconf 67' lang='grc'><strong>11111111111111</strong></span> <span class='ocrx_word' id='word_1_19' title='bbox 1248 967 1341 1096; x_wconf 68' lang='lat' dir='ltr'><strong>ree,</strong></span> 
     </span>
     <span class='ocr_line' id='line_1_4' title="bbox 157 1101 1353 1226; baseline -0.005 -17"><span class='ocrx_word' id='word_1_20' title='bbox 157 1158 175 1183; x_wconf 75' lang='lat'><strong>‘³</strong></span> <span class='ocrx_word' id='word_1_21' title='bbox 192 1155 325 1226; x_wconf 70' lang='lat' dir='ltr'><strong>Mer-yns,</strong></span> <span class='ocrx_word' id='word_1_22' title='bbox 345 1111 445 1210; x_wconf 56' lang='lat' dir='ltr'><strong>slbbes</strong></span> <span class='ocrx_word' id='word_1_23' title='bbox 463 1154 521 1209; x_wconf 90' lang='lat' dir='ltr'><strong>loci</strong></span> <span class='ocrx_word' id='word_1_24' title='bbox 539 1153 681 1224; x_wconf 71' lang='lat' dir='ltr'><strong>predicti,</strong></span> <span class='ocrx_word' id='word_1_25' title='bbox 700 1110 823 1224; x_wconf 67' lang='lat' dir='ltr'><strong>praeiato</strong></span> <span class='ocrx_word' id='word_1_26' title='bbox 841 1151 968 1207; x_wconf 70' lang='lat' dir='ltr'><strong>iohanni</strong></span> <span class='ocrx_word' id='word_1_27' title='bbox 986 1151 1022 1205; x_wconf 91' lang='lat' dir='ltr'><strong>de</strong></span> <span class='ocrx_word' id='word_1_28' title='bbox 1040 1149 1200 1204; x_wconf 90' lang='lat' dir='ltr'><strong>Berkham·</strong></span> <span class='ocrx_word' id='word_1_29' title='bbox 1233 1101 1353 1218; x_wconf 41' lang='lat'><strong>1332&amp;</strong></span> 
     </span>
     <span class='ocr_line' id='line_1_5' title="bbox 157 1233 1326 1310; baseline -0.006 -16"><span class='ocrx_word' id='word_1_30' title='bbox 157 1242 175 1266; x_wconf 79' lang='lat'><strong>‘⁸</strong></span> <span class='ocrx_word' id='word_1_31' title='bbox 194 1239 276 1295; x_wconf 87' lang='lat' dir='ltr'><strong>stede</strong></span> <span class='ocrx_word' id='word_1_32' title='bbox 294 1239 445 1310; x_wconf 86' lang='lat' dir='ltr'><strong>proximus</strong></span> <span class='ocrx_word' id='word_1_33' title='bbox 464 1255 624 1303; x_wconf 77' lang='lat' dir='ltr'><strong>successor,</strong></span> <span class='ocrx_word' id='word_1_34' title='bbox 643 1237 680 1293; x_wconf 89' lang='lat' dir='ltr'><strong>de</strong></span> <span class='ocrx_word' id='word_1_35' title='bbox 706 1236 816 1292; x_wconf 86' lang='lat' dir='ltr'><strong>eisdem</strong></span> <span class='ocrx_word' id='word_1_36' title='bbox 840 1237 949 1307; x_wconf 83' lang='lat' dir='ltr'><strong>viginti</strong></span> <span class='ocrx_word' id='word_1_37' title='bbox 973 1235 1075 1292; x_wconf 86' lang='lat' dir='ltr'><strong>solidis</strong></span> <span class='ocrx_word' id='word_1_38' title='bbox 1099 1233 1202 1289; x_wconf 87' lang='lat' dir='ltr'><strong>annuis</strong></span> <span class='ocrx_word' id='word_1_39' title='bbox 1259 1262 1326 1273; x_wconf 89' lang='lat'><strong>—</strong></span> 
     </span>
     <span class='ocr_line' id='line_1_6' title="bbox 156 1318 1203 1396; baseline -0.006 -18"><span class='ocrx_word' id='word_1_40' title='bbox 156 1328 174 1352; x_wconf 87' lang='lat'><strong>‘⁸</strong></span> <span class='ocrx_word' id='word_1_41' title='bbox 193 1341 247 1396; x_wconf 89' lang='lat' dir='ltr'><strong>per</strong></span> <span class='ocrx_word' id='word_1_42' title='bbox 264 1341 368 1378; x_wconf 82' lang='lat' dir='ltr'><strong>manns</strong></span> <span class='ocrx_word' id='word_1_43' title='bbox 382 1322 532 1394; x_wconf 80' lang='lat' dir='ltr'><strong>Stephani,</strong></span> <span class='ocrx_word' id='word_1_44' title='bbox 552 1319 654 1392; x_wconf 78' lang='lat' dir='ltr'><strong>⁹[fllii]</strong></span> <span class='ocrx_word' id='word_1_45' title='bbox 667 1321 801 1393; x_wconf 79' lang='lat' dir='ltr'><strong>proedioti</strong></span> <span class='ocrx_word' id='word_1_46' title='bbox 813 1321 966 1385; x_wconf 74' lang='lat' dir='ltr'>willelmi,</span> <span class='ocrx_word' id='word_1_47' title='bbox 981 1327 1011 1375; x_wconf 86' lang='lat' dir='ltr'><strong>et</strong></span> <span class='ocrx_word' id='word_1_48' title='bbox 1023 1321 1111 1375; x_wconf 86' lang='lat' dir='ltr'><strong>ctiam</strong></span> <span class='ocrx_word' id='word_1_49' title='bbox 1123 1318 1203 1373; x_wconf 87' lang='lat' dir='ltr'><strong>Alie·</strong></span> 
     </span>
    </p>

    <p class='ocr_par' dir='ltr' id='par_1_3' title="bbox 157 1403 1204 1478">
     <span class='ocr_line' id='line_1_7' title="bbox 157 1403 1204 1478; baseline -0.005 -16"><span class='ocrx_word' id='word_1_50' title='bbox 157 1411 175 1436; x_wconf 89' lang='lat'>“</span> <span class='ocrx_word' id='word_1_51' title='bbox 194 1425 283 1474; x_wconf 74' lang='lat' dir='ltr'><strong>norm,</strong></span> <span class='ocrx_word' id='word_1_52' title='bbox 304 1407 449 1478; x_wconf 86' lang='lat' dir='ltr'><strong>quendem</strong></span> <span class='ocrx_word' id='word_1_53' title='bbox 467 1407 590 1478; x_wconf 69' lang='lat' dir='ltr'><strong>Reginus</strong></span> <span class='ocrx_word' id='word_1_54' title='bbox 608 1407 735 1478; x_wconf 77' lang='lat' dir='ltr'><strong>Angliss,</strong></span> <span class='ocrx_word' id='word_1_55' title='bbox 756 1407 829 1462; x_wconf 81' lang='lat' dir='ltr'><strong>avias</strong></span> <span class='ocrx_word' id='word_1_56' title='bbox 849 1412 967 1471; x_wconf 81' lang='lat' dir='ltr'><strong>nostrae,</strong></span> <span class='ocrx_word' id='word_1_57' title='bbox 987 1406 1035 1461; x_wconf 89' lang='lat' dir='ltr'><strong>cui</strong></span> <span class='ocrx_word' id='word_1_58' title='bbox 1047 1403 1204 1476; x_wconf 73' lang='lat' dir='ltr'><strong>praedictus</strong></span> 
     </span>
    </p>

    <p class='ocr_par' dir='ltr' id='par_1_4' title="bbox 156 1487 1205 1563">
     <span class='ocr_line' id='line_1_8' title="bbox 156 1487 1205 1563; baseline -0.008 -15"><span class='ocrx_word' id='word_1_59' title='bbox 156 1495 175 1521; x_wconf 84' lang='lat'><strong>‘¹</strong></span> <span class='ocrx_word' id='word_1_60' title='bbox 195 1492 360 1563; x_wconf 71' lang='lat' dir='ltr'><strong>Stephanus</strong></span> <span class='ocrx_word' id='word_1_61' title='bbox 378 1491 578 1546; x_wconf 83' lang='lat' dir='ltr'>molendinum</span> <span class='ocrx_word' id='word_1_62' title='bbox 596 1490 671 1546; x_wconf 88' lang='lat' dir='ltr'><strong>illud</strong></span> <span class='ocrx_word' id='word_1_63' title='bbox 694 1492 726 1545; x_wconf 90' lang='lat' dir='ltr'><strong>in</strong></span> <span class='ocrx_word' id='word_1_64' title='bbox 749 1487 833 1546; x_wconf 83' lang='lat' dir='ltr'><strong>feodo</strong></span> <span class='ocrx_word' id='word_1_65' title='bbox 851 1490 973 1557; x_wconf 89' lang='lat' dir='ltr'><strong>dimisit,</strong></span> <span class='ocrx_word' id='word_1_66' title='bbox 994 1490 1205 1560; x_wconf 70' lang='lat' dir='ltr'><strong>subsequenter</strong></span> 
     </span>
    </p>

    <p class='ocr_par' dir='ltr' id='par_1_5' title="bbox 157 1574 1205 1647">
     <span class='ocr_line' id='line_1_9' title="bbox 157 1574 1205 1647; baseline -0.006 -16"><span class='ocrx_word' id='word_1_67' title='bbox 157 1579 176 1606; x_wconf 76' lang='lat'><strong>‘⁸</strong></span> <span class='ocrx_word' id='word_1_68' title='bbox 195 1577 286 1647; x_wconf 83' lang='lat' dir='ltr'><strong>Hugo</strong></span> <span class='ocrx_word' id='word_1_69' title='bbox 316 1575 352 1631; x_wconf 90' lang='lat' dir='ltr'><strong>de</strong></span> <span class='ocrx_word' id='word_1_70' title='bbox 382 1575 560 1640; x_wconf 82' lang='lat' dir='ltr'><strong>Eversdone,</strong></span> <span class='ocrx_word' id='word_1_71' title='bbox 588 1575 710 1631; x_wconf 82' lang='lat' dir='ltr'><strong>ultimus</strong></span> <span class='ocrx_word' id='word_1_72' title='bbox 740 1575 937 1646; x_wconf 80' lang='lat' dir='ltr'><strong>praedecessor</strong></span> <span class='ocrx_word' id='word_1_73' title='bbox 966 1574 1098 1647; x_wconf 71' lang='lat' dir='ltr'><strong>predicti</strong></span> <span class='ocrx_word' id='word_1_74' title='bbox 1128 1589 1205 1626; x_wconf 91' lang='lat' dir='ltr'><strong>nunc</strong></span> 
     </span>
    </p>

    <p class='ocr_par' dir='ltr' id='par_1_6' title="bbox 157 1659 1203 1732">
     <span class='ocr_line' id='line_1_10' title="bbox 157 1659 1203 1732; baseline -0.008 -14"><span class='ocrx_word' id='word_1_75' title='bbox 157 1664 176 1691; x_wconf 90' lang='grc'>“</span> <span class='ocrx_word' id='word_1_76' title='bbox 194 1661 329 1726; x_wconf 82' lang='lat' dir='ltr'><strong>Abbatis,</strong></span> <span class='ocrx_word' id='word_1_77' title='bbox 358 1665 490 1732; x_wconf 86' lang='lat' dir='ltr'><strong>tempore</strong></span> <span class='ocrx_word' id='word_1_78' title='bbox 516 1660 598 1716; x_wconf 81' lang='lat' dir='ltr'><strong>bonae</strong></span> <span class='ocrx_word' id='word_1_79' title='bbox 624 1659 775 1714; x_wconf 68' lang='lat' dir='ltr'><strong>memorie</strong></span> <span class='ocrx_word' id='word_1_80' title='bbox 802 1659 923 1714; x_wconf 87' lang='lat' dir='ltr'>Domini</span> <span class='ocrx_word' id='word_1_81' title='bbox 947 1659 1094 1722; x_wconf 76' lang='lat' dir='ltr'><strong>lldvardi,</strong></span> <span class='ocrx_word' id='word_1_82' title='bbox 1113 1674 1203 1728; x_wconf 89' lang='lat' dir='ltr'><strong>quon·</strong></span> 
     </span>
    </p>

    <p class='ocr_par' dir='ltr' id='par_1_7' title="bbox 157 1739 1204 1815">
     <span class='ocr_line' id='line_1_11' title="bbox 157 1739 1204 1815; baseline -0.004 -17"><span class='ocrx_word' id='word_1_83' title='bbox 157 1747 176 1773; x_wconf 81' lang='lat'><strong>‘⁸</strong></span> <span class='ocrx_word' id='word_1_84' title='bbox 196 1744 264 1799; x_wconf 87' lang='lat' dir='ltr'><strong>dem</strong></span> <span class='ocrx_word' id='word_1_85' title='bbox 288 1744 382 1815; x_wconf 82' lang='lat' dir='ltr'><strong>Regis</strong></span> <span class='ocrx_word' id='word_1_86' title='bbox 402 1744 530 1814; x_wconf 81' lang='lat' dir='ltr'><strong>Angliae,</strong></span> <span class='ocrx_word' id='word_1_87' title='bbox 551 1744 644 1815; x_wconf 87' lang='lat' dir='ltr'><strong>patris</strong></span> <span class='ocrx_word' id='word_1_88' title='bbox 668 1743 771 1809; x_wconf 78' lang='lat' dir='ltr'><strong>nostri,</strong></span> <span class='ocrx_word' id='word_1_89' title='bbox 793 1743 831 1797; x_wconf 90' lang='lat' dir='ltr'><strong>ad</strong></span> <span class='ocrx_word' id='word_1_90' title='bbox 858 1742 944 1813; x_wconf 86' lang='lat' dir='ltr'><strong>eujus</strong></span> <span class='ocrx_word' id='word_1_91' title='bbox 967 1758 1070 1798; x_wconf 86' lang='lat' dir='ltr'><strong>manns</strong></span> <span class='ocrx_word' id='word_1_92' title='bbox 1095 1739 1204 1796; x_wconf 88' lang='lat' dir='ltr'><strong>molen-</strong></span> 
     </span>
    </p>

    <p class='ocr_par' dir='ltr' id='par_1_8' title="bbox 156 1825 1204 1983">
     <span class='ocr_line' id='line_1_12' title="bbox 158 1825 1203 1900; baseline -0.005 -17"><span class='ocrx_word' id='word_1_93' title='bbox 158 1831 176 1857; x_wconf 86' lang='lat'>“</span> <span class='ocrx_word' id='word_1_94' title='bbox 196 1828 298 1883; x_wconf 88' lang='lat' dir='ltr'><strong>dinnm</strong></span> <span class='ocrx_word' id='word_1_95' title='bbox 317 1827 402 1893; x_wconf 90' lang='lat' dir='ltr'><strong>illud,</strong></span> <span class='ocrx_word' id='word_1_96' title='bbox 425 1833 493 1900; x_wconf 89' lang='lat' dir='ltr'><strong>post</strong></span> <span class='ocrx_word' id='word_1_97' title='bbox 515 1833 639 1883; x_wconf 88' lang='lat' dir='ltr'><strong>mortem</strong></span> <span class='ocrx_word' id='word_1_98' title='bbox 663 1827 813 1899; x_wconf 75' lang='lat' dir='ltr'><strong>predicte</strong></span> <span class='ocrx_word' id='word_1_99' title='bbox 835 1827 994 1892; x_wconf 82' lang='lat' dir='ltr'><strong>Alienoroe,</strong></span> <span class='ocrx_word' id='word_1_100' title='bbox 1015 1825 1143 1890; x_wconf 85' lang='lat' dir='ltr'><strong>devenit,</strong></span> <span class='ocrx_word' id='word_1_101' title='bbox 1166 1825 1203 1878; x_wconf 91' lang='lat' dir='ltr'><strong>de</strong></span> 
     </span>
     <span class='ocr_line' id='line_1_13' title="bbox 156 1909 1204 1983; baseline -0.003 -17"><span class='ocrx_word' id='word_1_102' title='bbox 156 1910 307 1966; x_wconf 81' lang='lat' dir='ltr'><strong>“eisdem</strong></span> <span class='ocrx_word' id='word_1_103' title='bbox 334 1909 443 1983; x_wconf 83' lang='lat' dir='ltr'><strong>viginti</strong></span> <span class='ocrx_word' id='word_1_104' title='bbox 470 1912 572 1967; x_wconf 84' lang='lat' dir='ltr'><strong>solidis</strong></span> <span class='ocrx_word' id='word_1_105' title='bbox 598 1913 703 1967; x_wconf 86' lang='lat' dir='ltr'><strong>annuis</strong></span> <span class='ocrx_word' id='word_1_106' title='bbox 727 1928 821 1983; x_wconf 89' lang='lat' dir='ltr'><strong>usque</strong></span> <span class='ocrx_word' id='word_1_107' title='bbox 850 1911 888 1965; x_wconf 89' lang='lat' dir='ltr'><strong>ad</strong></span> <span class='ocrx_word' id='word_1_108' title='bbox 911 1926 1019 1966; x_wconf 86' lang='lat' dir='ltr'><strong>annum</strong></span> <span class='ocrx_word' id='word_1_109' title='bbox 1044 1911 1130 1980; x_wconf 81' lang='lat' dir='ltr'><strong>regni</strong></span> <span class='ocrx_word' id='word_1_110' title='bbox 1157 1909 1204 1964; x_wconf 91' lang='lat' dir='ltr'><strong>sui</strong></span> 
     </span>
    </p>

    <p class='ocr_par' dir='ltr' id='par_1_9' title="bbox 154 1993 1204 2065">
     <span class='ocr_line' id='line_1_14' title="bbox 154 1993 1204 2065; baseline -0.003 -15"><span class='ocrx_word' id='word_1_111' title='bbox 154 1998 173 2024; x_wconf 83' lang='lat'><strong>‘¹</strong></span> <span class='ocrx_word' id='word_1_112' title='bbox 192 1996 321 2060; x_wconf 87' lang='lat' dir='ltr'><strong>tertium,</strong></span> <span class='ocrx_word' id='word_1_113' title='bbox 341 1996 436 2051; x_wconf 83' lang='lat' dir='ltr'><strong>ssisiti</strong></span> <span class='ocrx_word' id='word_1_114' title='bbox 457 1997 600 2062; x_wconf 64' lang='lat' dir='ltr'><strong>inissent,</strong></span> <span class='ocrx_word' id='word_1_115' title='bbox 629 1996 709 2051; x_wconf 86' lang='lat' dir='ltr'><strong>idem</strong></span> <span class='ocrx_word' id='word_1_116' title='bbox 722 2003 821 2052; x_wconf 86' lang='lat' dir='ltr'><strong>tamen</strong></span> <span class='ocrx_word' id='word_1_117' title='bbox 839 1995 971 2051; x_wconf 89' lang='lat' dir='ltr'><strong>redditus</strong></span> <span class='ocrx_word' id='word_1_118' title='bbox 998 1994 1107 2065; x_wconf 80' lang='lat' dir='ltr'><strong>viginti</strong></span> <span class='ocrx_word' id='word_1_119' title='bbox 1137 1993 1204 2049; x_wconf 87' lang='lat' dir='ltr'><strong>soli·</strong></span> 
     </span>
    </p>

    <p class='ocr_par' dir='ltr' id='par_1_10' title="bbox 158 2077 1205 2150">
     <span class='ocr_line' id='line_1_15' title="bbox 158 2077 1205 2150; baseline -0.004 -16"><span class='ocrx_word' id='word_1_120' title='bbox 158 2082 177 2109; x_wconf 81' lang='lat'><strong>‘⁸</strong></span> <span class='ocrx_word' id='word_1_121' title='bbox 197 2079 298 2134; x_wconf 87' lang='lat' dir='ltr'><strong>dorum</strong></span> <span class='ocrx_word' id='word_1_122' title='bbox 324 2079 448 2150; x_wconf 77' lang='lat' dir='ltr'><strong>prefato</strong></span> <span class='ocrx_word' id='word_1_123' title='bbox 467 2097 544 2134; x_wconf 91' lang='lat' dir='ltr'><strong>nnnc</strong></span> <span class='ocrx_word' id='word_1_124' title='bbox 565 2079 672 2134; x_wconf 87' lang='lat' dir='ltr'><strong>Abbati</strong></span> <span class='ocrx_word' id='word_1_125' title='bbox 690 2079 845 2135; x_wconf 89' lang='lat' dir='ltr'><strong>abeodem</strong></span> <span class='ocrx_word' id='word_1_126' title='bbox 863 2094 938 2134; x_wconf 86' lang='lat' dir='ltr'><strong>anno</strong></span> <span class='ocrx_word' id='word_1_127' title='bbox 956 2080 1044 2136; x_wconf 86' lang='lat' dir='ltr'><strong>tertio</strong></span> <span class='ocrx_word' id='word_1_128' title='bbox 1069 2077 1163 2133; x_wconf 88' lang='lat' dir='ltr'><strong>adhuc</strong></span> <span class='ocrx_word' id='word_1_129' title='bbox 1187 2095 1205 2130; x_wconf 87' lang='lat' dir='ltr'><strong>a</strong></span> 
     </span>
    </p>

    <p class='ocr_par' dir='ltr' id='par_1_11' title="bbox 158 2160 1205 2318">
     <span class='ocr_line' id='line_1_16' title="bbox 158 2160 1205 2234; baseline -0.003 -17"><span class='ocrx_word' id='word_1_130' title='bbox 158 2165 178 2192; x_wconf 76' lang='lat'><strong>⁴¹</strong></span> <span class='ocrx_word' id='word_1_131' title='bbox 197 2168 277 2218; x_wconf 84' lang='lat' dir='ltr'><strong>retro</strong></span> <span class='ocrx_word' id='word_1_132' title='bbox 293 2163 403 2228; x_wconf 87' lang='lat' dir='ltr'><strong>existit,</strong></span> <span class='ocrx_word' id='word_1_133' title='bbox 424 2164 455 2218; x_wconf 90' lang='lat' dir='ltr'><strong>in</strong></span> <span class='ocrx_word' id='word_1_134' title='bbox 470 2162 565 2234; x_wconf 88' lang='lat' dir='ltr'><strong>ipsius</strong></span> <span class='ocrx_word' id='word_1_135' title='bbox 582 2162 706 2218; x_wconf 89' lang='lat' dir='ltr'><strong>Abbatis</strong></span> <span class='ocrx_word' id='word_1_136' title='bbox 724 2180 815 2234; x_wconf 78' lang='lat' dir='ltr'><strong>grave</strong></span> <span class='ocrx_word' id='word_1_137' title='bbox 836 2164 986 2229; x_wconf 75' lang='lat' dir='ltr'><strong>domnam,</strong></span> <span class='ocrx_word' id='word_1_138' title='bbox 998 2171 1029 2219; x_wconf 92' lang='lat' dir='ltr'><strong>et</strong></span> <span class='ocrx_word' id='word_1_139' title='bbox 1040 2160 1205 2218; x_wconf 70' lang='lat' dir='ltr'><strong>exherede-</strong></span> 
     </span>
     <span class='ocr_line' id='line_1_17' title="bbox 160 2246 1202 2318; baseline -0.003 -16"><span class='ocrx_word' id='word_1_140' title='bbox 160 2247 285 2302; x_wconf 85' lang='lat' dir='ltr'><strong>“tionis</strong></span> <span class='ocrx_word' id='word_1_141' title='bbox 312 2246 444 2302; x_wconf 81' lang='lat' dir='ltr'><strong>ecclesias</strong></span> <span class='ocrx_word' id='word_1_142' title='bbox 471 2265 532 2302; x_wconf 82' lang='lat' dir='ltr'><strong>suae</strong></span> <span class='ocrx_word' id='word_1_143' title='bbox 558 2246 657 2302; x_wconf 78' lang='lat' dir='ltr'><strong>Sancti</strong></span> <span class='ocrx_word' id='word_1_144' title='bbox 681 2247 789 2302; x_wconf 89' lang='lat' dir='ltr'><strong>Albani</strong></span> <span class='ocrx_word' id='word_1_145' title='bbox 812 2247 978 2318; x_wconf 87' lang='lat' dir='ltr'><strong>periculum</strong></span> <span class='ocrx_word' id='word_1_146' title='bbox 999 2247 1202 2302; x_wconf 86' lang='lat' dir='ltr'><strong>menifestum:</strong></span> 
     </span>
    </p>

    <p class='ocr_par' dir='ltr' id='par_1_12' title="bbox 157 2330 1205 2404">
     <span class='ocr_line' id='line_1_18' title="bbox 157 2330 1205 2404; baseline -0.005 -17"><span class='ocrx_word' id='word_1_147' title='bbox 157 2332 177 2358; x_wconf 89' lang='grc'>“</span> <span class='ocrx_word' id='word_1_148' title='bbox 196 2345 284 2402; x_wconf 87' lang='lat' dir='ltr'><strong>super</strong></span> <span class='ocrx_word' id='word_1_149' title='bbox 299 2347 357 2401; x_wconf 89' lang='lat' dir='ltr'><strong>quo</strong></span> <span class='ocrx_word' id='word_1_150' title='bbox 371 2330 451 2385; x_wconf 87' lang='lat' dir='ltr'><strong>idem</strong></span> <span class='ocrx_word' id='word_1_151' title='bbox 464 2330 572 2396; x_wconf 81' lang='lat' dir='ltr'><strong>Abbes,</strong></span> <span class='ocrx_word' id='word_1_152' title='bbox 583 2347 636 2402; x_wconf 88' lang='lat' dir='ltr'><strong>per</strong></span> <span class='ocrx_word' id='word_1_153' title='bbox 647 2331 819 2402; x_wconf 88' lang='lat' dir='ltr'><strong>petitionem</strong></span> <span class='ocrx_word' id='word_1_154' title='bbox 829 2348 913 2387; x_wconf 90' lang='lat' dir='ltr'><strong>snam</strong></span> <span class='ocrx_word' id='word_1_155' title='bbox 924 2331 1106 2404; x_wconf 74' lang='lat' dir='ltr'><strong>predictam,</strong></span> <span class='ocrx_word' id='word_1_156' title='bbox 1121 2330 1205 2385; x_wconf 88' lang='lat' dir='ltr'><strong>nobis</strong></span> 
     </span>
    </p>

    <p class='ocr_par' dir='ltr' id='par_1_13' title="bbox 158 2414 1206 2486">
     <span class='ocr_line' id='line_1_19' title="bbox 158 2414 1206 2486; baseline 0 -17"><span class='ocrx_word' id='word_1_157' title='bbox 158 2416 179 2443; x_wconf 75' lang='lat'><strong>¹⁸</strong></span> <span class='ocrx_word' id='word_1_158' title='bbox 199 2414 375 2486; x_wconf 74' lang='lat' dir='ltr'><strong>supplicavit</strong></span> <span class='ocrx_word' id='word_1_159' title='bbox 390 2414 447 2470; x_wconf 91' lang='lat' dir='ltr'><strong>sibi</strong></span> <span class='ocrx_word' id='word_1_160' title='bbox 468 2414 500 2468; x_wconf 90' lang='lat' dir='ltr'><strong>in</strong></span> <span class='ocrx_word' id='word_1_161' title='bbox 520 2415 576 2470; x_wconf 87' lang='lat' dir='ltr'><strong>hec</strong></span> <span class='ocrx_word' id='word_1_162' title='bbox 594 2420 679 2486; x_wconf 84' lang='lat' dir='ltr'><strong>porte</strong></span> <span class='ocrx_word' id='word_1_163' title='bbox 693 2415 857 2470; x_wconf 90' lang='lat' dir='ltr'><strong>remedium</strong></span> <span class='ocrx_word' id='word_1_164' title='bbox 877 2415 1019 2470; x_wconf 81' lang='lat' dir='ltr'><strong>adhiberi.</strong></span> <span class='ocrx_word' id='word_1_165' title='bbox 1065 2415 1206 2471; x_wconf 85' lang='lat' dir='ltr'><strong>Veientes</strong></span> 
     </span>
    </p>

    <p class='ocr_par' dir='ltr' id='par_1_14' title="bbox 160 2497 1207 2570">
     <span class='ocr_line' id='line_1_20' title="bbox 160 2497 1207 2570; baseline 0 -19"><span class='ocrx_word' id='word_1_166' title='bbox 160 2500 178 2526; x_wconf 79' lang='lat'><strong>‘⁶</strong></span> <span class='ocrx_word' id='word_1_167' title='bbox 198 2497 291 2568; x_wconf 79' lang='lat' dir='ltr'><strong>igitur</strong></span> <span class='ocrx_word' id='word_1_168' title='bbox 307 2513 396 2568; x_wconf 88' lang='lat' dir='ltr'><strong>super</strong></span> <span class='ocrx_word' id='word_1_169' title='bbox 413 2498 574 2570; x_wconf 70' lang='lat' dir='ltr'><strong>premissis</strong></span> <span class='ocrx_word' id='word_1_170' title='bbox 585 2499 692 2554; x_wconf 88' lang='lat' dir='ltr'><strong>melius</strong></span> <span class='ocrx_word' id='word_1_171' title='bbox 708 2499 868 2563; x_wconf 86' lang='lat' dir='ltr'><strong>certiorari,</strong></span> <span class='ocrx_word' id='word_1_172' title='bbox 883 2506 913 2554; x_wconf 87' lang='lat' dir='ltr'><strong>et</strong></span> <span class='ocrx_word' id='word_1_173' title='bbox 928 2499 1053 2555; x_wconf 86' lang='lat' dir='ltr'><strong>ulterius</strong></span> <span class='ocrx_word' id='word_1_174' title='bbox 1067 2499 1207 2570; x_wconf 82' lang='lat' dir='ltr'><strong>praedioto</strong></span> 
     </span>
    </p>

    <p class='ocr_par' dir='ltr' id='par_1_15' title="bbox 158 2579 1207 2654">
     <span class='ocr_line' id='line_1_21' title="bbox 158 2579 1207 2654; baseline 0 -18"><span class='ocrx_word' id='word_1_175' title='bbox 158 2584 177 2610; x_wconf 90' lang='lat'>“</span> <span class='ocrx_word' id='word_1_176' title='bbox 195 2581 304 2637; x_wconf 80' lang='lat' dir='ltr'><strong>Abbati</strong></span> <span class='ocrx_word' id='word_1_177' title='bbox 316 2579 465 2652; x_wconf 78' lang='lat' dir='ltr'><strong>justitium</strong></span> <span class='ocrx_word' id='word_1_178' title='bbox 484 2582 549 2637; x_wconf 87' lang='lat' dir='ltr'><strong>fleri</strong></span> <span class='ocrx_word' id='word_1_179' title='bbox 566 2583 598 2636; x_wconf 89' lang='lat' dir='ltr'><strong>in</strong></span> <span class='ocrx_word' id='word_1_180' title='bbox 614 2583 669 2637; x_wconf 90' lang='lat' dir='ltr'><strong>hec</strong></span> <span class='ocrx_word' id='word_1_181' title='bbox 689 2589 782 2654; x_wconf 85' lang='lat' dir='ltr'><strong>parte,</strong></span> <span class='ocrx_word' id='word_1_182' title='bbox 798 2583 1013 2654; x_wconf 75' lang='lat' dir='ltr'><strong>assignavimus</strong></span> <span class='ocrx_word' id='word_1_183' title='bbox 1031 2600 1084 2639; x_wconf 87' lang='lat' dir='ltr'><strong>vos</strong></span> <span class='ocrx_word' id='word_1_184' title='bbox 1103 2583 1140 2637; x_wconf 87' lang='lat' dir='ltr'><strong>ad</strong></span> <span class='ocrx_word' id='word_1_185' title='bbox 1164 2582 1207 2636; x_wconf 93' lang='lat' dir='ltr'><strong>in·</strong></span> 
     </span>
    </p>

    <p class='ocr_par' dir='ltr' id='par_1_16' title="bbox 161 2667 1206 2741">
     <span class='ocr_line' id='line_1_22' title="bbox 161 2667 1206 2741; baseline 0.001 -19"><span class='ocrx_word' id='word_1_186' title='bbox 161 2670 180 2696; x_wconf 85' lang='lat'><strong>‘¹</strong></span> <span class='ocrx_word' id='word_1_187' title='bbox 199 2667 384 2739; x_wconf 87' lang='lat' dir='ltr'><strong>quirendum,</strong></span> <span class='ocrx_word' id='word_1_188' title='bbox 398 2669 429 2722; x_wconf 91' lang='lat' dir='ltr'><strong>in</strong></span> <span class='ocrx_word' id='word_1_189' title='bbox 440 2670 590 2740; x_wconf 80' lang='lat' dir='ltr'><strong>presentia</strong></span> <span class='ocrx_word' id='word_1_190' title='bbox 603 2668 762 2724; x_wconf 82' lang='lat' dir='ltr'><strong>Senescelli</strong></span> <span class='ocrx_word' id='word_1_191' title='bbox 774 2668 897 2724; x_wconf 88' lang='lat' dir='ltr'><strong>manerii</strong></span> <span class='ocrx_word' id='word_1_192' title='bbox 914 2670 1007 2726; x_wconf 86' lang='lat' dir='ltr'><strong>nostrl</strong></span> <span class='ocrx_word' id='word_1_193' title='bbox 1018 2670 1055 2726; x_wconf 90' lang='lat' dir='ltr'><strong>de</strong></span> <span class='ocrx_word' id='word_1_194' title='bbox 1068 2669 1206 2741; x_wconf 85' lang='lat' dir='ltr'><strong>Langlee,</strong></span> 
     </span>
    </p>

    <p class='ocr_par' dir='ltr' id='par_1_17' title="bbox 162 2753 1207 2826">
     <span class='ocr_line' id='line_1_23' title="bbox 162 2753 1207 2826; baseline 0 -18"><span class='ocrx_word' id='word_1_195' title='bbox 162 2754 180 2779; x_wconf 82' lang='lat'><strong>‘⁴</strong></span> <span class='ocrx_word' id='word_1_196' title='bbox 199 2769 252 2824; x_wconf 87' lang='lat' dir='ltr'><strong>per</strong></span> <span class='ocrx_word' id='word_1_197' title='bbox 267 2769 319 2808; x_wconf 92' lang='lat' dir='ltr'><strong>vos</strong></span> <span class='ocrx_word' id='word_1_198' title='bbox 337 2769 425 2823; x_wconf 89' lang='lat' dir='ltr'><strong>super</strong></span> <span class='ocrx_word' id='word_1_199' title='bbox 444 2753 499 2808; x_wconf 90' lang='lat' dir='ltr'><strong>hoe</strong></span> <span class='ocrx_word' id='word_1_200' title='bbox 514 2754 735 2824; x_wconf 80' lang='lat' dir='ltr'><strong>praemuniendi,</strong></span> <span class='ocrx_word' id='word_1_201' title='bbox 753 2771 806 2825; x_wconf 88' lang='lat' dir='ltr'><strong>per</strong></span> <span class='ocrx_word' id='word_1_202' title='bbox 823 2761 1037 2810; x_wconf 85' lang='lat' dir='ltr'><strong>sacramentum</strong></span> <span class='ocrx_word' id='word_1_203' title='bbox 1049 2754 1207 2826; x_wconf 87' lang='lat' dir='ltr'><strong>proborum</strong></span> 
     </span>
    </p>

    <p class='ocr_par' dir='ltr' id='par_1_18' title="bbox 161 2836 1207 2910">
     <span class='ocr_line' id='line_1_24' title="bbox 161 2836 1207 2910; baseline -0.001 -17"><span class='ocrx_word' id='word_1_204' title='bbox 161 2839 181 2864; x_wconf 74' lang='lat'><strong>¹⁸</strong></span> <span class='ocrx_word' id='word_1_205' title='bbox 199 2843 230 2893; x_wconf 84' lang='lat' dir='ltr'><strong>et</strong></span> <span class='ocrx_word' id='word_1_206' title='bbox 243 2837 387 2909; x_wconf 78' lang='lat' dir='ltr'><strong>legalium</strong></span> <span class='ocrx_word' id='word_1_207' title='bbox 403 2837 554 2892; x_wconf 89' lang='lat' dir='ltr'><strong>hominum</strong></span> <span class='ocrx_word' id='word_1_208' title='bbox 574 2838 611 2892; x_wconf 93' lang='lat' dir='ltr'><strong>de</strong></span> <span class='ocrx_word' id='word_1_209' title='bbox 631 2838 779 2894; x_wconf 88' lang='lat' dir='ltr'><strong>Oomitatu</strong></span> <span class='ocrx_word' id='word_1_210' title='bbox 798 2838 988 2904; x_wconf 82' lang='lat' dir='ltr'><strong>Hertiordioe,</strong></span> <span class='ocrx_word' id='word_1_211' title='bbox 1006 2856 1059 2910; x_wconf 89' lang='lat' dir='ltr'><strong>per</strong></span> <span class='ocrx_word' id='word_1_212' title='bbox 1079 2855 1151 2909; x_wconf 92' lang='lat' dir='ltr'><strong>qnos</strong></span> <span class='ocrx_word' id='word_1_213' title='bbox 1163 2836 1207 2892; x_wconf 86' lang='lat' dir='ltr'><strong>rei</strong></span> 
     </span>
    </p>

    <p class='ocr_par' dir='ltr' id='par_1_19' title="bbox 163 2918 1207 2994">
     <span class='ocr_line' id='line_1_25' title="bbox 163 2918 1207 2994; baseline -0.001 -18"><span class='ocrx_word' id='word_1_214' title='bbox 163 2922 182 2948; x_wconf 86' lang='lat'><strong>“</strong></span> <span class='ocrx_word' id='word_1_215' title='bbox 200 2922 309 2976; x_wconf 83' lang='lat' dir='ltr'><strong>veritas</strong></span> <span class='ocrx_word' id='word_1_216' title='bbox 323 2918 431 2988; x_wconf 85' lang='lat' dir='ltr'><strong>melius</strong></span> <span class='ocrx_word' id='word_1_217' title='bbox 444 2921 513 2976; x_wconf 89' lang='lat' dir='ltr'><strong>sciri</strong></span> <span class='ocrx_word' id='word_1_218' title='bbox 526 2923 643 2992; x_wconf 90' lang='lat' dir='ltr'><strong>poterit,</strong></span> <span class='ocrx_word' id='word_1_219' title='bbox 658 2923 683 2976; x_wconf 89' lang='lat' dir='ltr'><strong>si</strong></span> <span class='ocrx_word' id='word_1_220' title='bbox 695 2923 854 2994; x_wconf 72' lang='lat' dir='ltr'><strong>praedictus</strong></span> <span class='ocrx_word' id='word_1_221' title='bbox 869 2920 996 2978; x_wconf 82' lang='lat' dir='ltr'><strong>Gnrinus</strong></span> <span class='ocrx_word' id='word_1_222' title='bbox 1008 2921 1207 2977; x_wconf 86' lang='lat' dir='ltr'><strong>molendinum</strong></span> 
     </span>
    </p>

    <p class='ocr_par' dir='ltr' id='par_1_20' title="bbox 164 3004 1206 3077">
     <span class='ocr_line' id='line_1_26' title="bbox 164 3004 1206 3077; baseline 0.001 -19"><span class='ocrx_word' id='word_1_223' title='bbox 164 3007 182 3030; x_wconf 91' lang='lat'>“</span> <span class='ocrx_word' id='word_1_224' title='bbox 200 3004 276 3059; x_wconf 90' lang='lat' dir='ltr'><strong>illud</strong></span> <span class='ocrx_word' id='word_1_225' title='bbox 293 3004 330 3059; x_wconf 89' lang='lat' dir='ltr'><strong>de</strong></span> <span class='ocrx_word' id='word_1_226' title='bbox 347 3006 469 3076; x_wconf 83' lang='lat' dir='ltr'><strong>praefoto</strong></span> <span class='ocrx_word' id='word_1_227' title='bbox 489 3005 646 3077; x_wconf 85' lang='lat' dir='ltr'><strong>Radulpho</strong></span> <span class='ocrx_word' id='word_1_228' title='bbox 664 3006 833 3077; x_wconf 75' lang='lat' dir='ltr'><strong>adquisivit,</strong></span> <span class='ocrx_word' id='word_1_229' title='bbox 854 3006 932 3062; x_wconf 88' lang='lat' dir='ltr'><strong>sicut</strong></span> <span class='ocrx_word' id='word_1_230' title='bbox 954 3005 1128 3077; x_wconf 76' lang='lat' dir='ltr'><strong>praedictum</strong></span> <span class='ocrx_word' id='word_1_231' title='bbox 1152 3009 1206 3068; x_wconf 86' lang='lat' dir='ltr'><strong>est,</strong></span> 
     </span>
    </p>

    <p class='ocr_par' dir='ltr' id='par_1_21' title="bbox 165 3089 1208 3162">
     <span class='ocr_line' id='line_1_27' title="bbox 165 3089 1208 3162; baseline -0.001 -19"><span class='ocrx_word' id='word_1_232' title='bbox 165 3091 182 3115; x_wconf 91' lang='grc'>“</span> <span class='ocrx_word' id='word_1_233' title='bbox 200 3106 299 3144; x_wconf 87' lang='lat' dir='ltr'><strong>neone.</strong></span> <span class='ocrx_word' id='word_1_234' title='bbox 325 3089 400 3144; x_wconf 81' lang='lat' dir='ltr'><strong>Etsi</strong></span> <span class='ocrx_word' id='word_1_235' title='bbox 410 3091 462 3154; x_wconf 88' lang='lat' dir='ltr'><strong>sie,</strong></span> <span class='ocrx_word' id='word_1_236' title='bbox 474 3099 544 3145; x_wconf 88' lang='lat' dir='ltr'><strong>tuno</strong></span> <span class='ocrx_word' id='word_1_237' title='bbox 554 3109 611 3161; x_wconf 91' lang='lat' dir='ltr'><strong>quo</strong></span> <span class='ocrx_word' id='word_1_238' title='bbox 619 3097 759 3162; x_wconf 85' lang='lat' dir='ltr'><strong>tempore,</strong></span> <span class='ocrx_word' id='word_1_239' title='bbox 771 3091 906 3161; x_wconf 88' lang='lat' dir='ltr'><strong>qualiter,</strong></span> <span class='ocrx_word' id='word_1_240' title='bbox 917 3090 1106 3161; x_wconf 87' lang='lat' dir='ltr'><strong>etquomodo.</strong></span> <span class='ocrx_word' id='word_1_241' title='bbox 1132 3089 1208 3143; x_wconf 84' lang='lat' dir='ltr'><strong>Etsi</strong></span> 
     </span>
    </p>

    <p class='ocr_par' dir='ltr' id='par_1_22' title="bbox 164 3171 1209 3246">
     <span class='ocr_line' id='line_1_28' title="bbox 164 3171 1209 3246; baseline -0.001 -20"><span class='ocrx_word' id='word_1_242' title='bbox 164 3175 182 3199; x_wconf 86' lang='lat'>“</span> <span class='ocrx_word' id='word_1_243' title='bbox 200 3171 280 3227; x_wconf 87' lang='lat' dir='ltr'><strong>idem</strong></span> <span class='ocrx_word' id='word_1_244' title='bbox 299 3171 424 3228; x_wconf 86' lang='lat' dir='ltr'><strong>Garinus</strong></span> <span class='ocrx_word' id='word_1_245' title='bbox 443 3174 557 3229; x_wconf 85' lang='lat' dir='ltr'><strong>dimisit</strong></span> <span class='ocrx_word' id='word_1_246' title='bbox 572 3175 694 3246; x_wconf 85' lang='lat' dir='ltr'><strong>praeiato</strong></span> <span class='ocrx_word' id='word_1_247' title='bbox 711 3174 861 3230; x_wconf 86' lang='lat' dir='ltr'><strong>Willelmo</strong></span> <span class='ocrx_word' id='word_1_248' title='bbox 878 3173 1076 3228; x_wconf 84' lang='lat' dir='ltr'><strong>molendinum</strong></span> <span class='ocrx_word' id='word_1_249' title='bbox 1088 3172 1209 3243; x_wconf 85' lang='lat' dir='ltr'><strong>praedio-</strong></span> 
     </span>
    </p>

    <p class='ocr_par' dir='ltr' id='par_1_23' title="bbox 164 3253 1209 3326">
     <span class='ocr_line' id='line_1_29' title="bbox 164 3253 1209 3326; baseline -0.001 -15"><span class='ocrx_word' id='word_1_250' title='bbox 164 3255 182 3283; x_wconf 78' lang='lat'><strong>⁴¹</strong></span> <span class='ocrx_word' id='word_1_251' title='bbox 199 3261 274 3320; x_wconf 88' lang='lat' dir='ltr'><strong>tum,</strong></span> <span class='ocrx_word' id='word_1_252' title='bbox 287 3253 453 3311; x_wconf 76' lang='lat' dir='ltr'><strong>habendum</strong></span> <span class='ocrx_word' id='word_1_253' title='bbox 471 3261 501 3312; x_wconf 86' lang='lat' dir='ltr'><strong>st</strong></span> <span class='ocrx_word' id='word_1_254' title='bbox 518 3258 676 3312; x_wconf 86' lang='lat' dir='ltr'><strong>tenendum</strong></span> <span class='ocrx_word' id='word_1_255' title='bbox 695 3257 751 3312; x_wconf 88' lang='lat' dir='ltr'><strong>sibi</strong></span> <span class='ocrx_word' id='word_1_256' title='bbox 770 3263 799 3313; x_wconf 94' lang='lat' dir='ltr'><strong>et</strong></span> <span class='ocrx_word' id='word_1_257' title='bbox 816 3255 982 3312; x_wconf 84' lang='lat' dir='ltr'><strong>haeredibus</strong></span> <span class='ocrx_word' id='word_1_258' title='bbox 1000 3257 1063 3311; x_wconf 88' lang='lat' dir='ltr'><strong>suis</strong></span> <span class='ocrx_word' id='word_1_259' title='bbox 1081 3255 1118 3310; x_wconf 88' lang='lat' dir='ltr'><strong>de</strong></span> <span class='ocrx_word' id='word_1_260' title='bbox 1136 3272 1209 3326; x_wconf 84' lang='lat' dir='ltr'><strong>prae·</strong></span> 
     </span>
    </p>

    <p class='ocr_par' dir='ltr' id='par_1_24' title="bbox 165 3338 1210 3415">
     <span class='ocr_line' id='line_1_30' title="bbox 165 3338 1210 3415; baseline -0.001 -23"><span class='ocrx_word' id='word_1_261' title='bbox 165 3342 182 3366; x_wconf 92' lang='lat'>“</span> <span class='ocrx_word' id='word_1_262' title='bbox 200 3340 261 3394; x_wconf 80' lang='lat' dir='ltr'><strong>fato</strong></span> <span class='ocrx_word' id='word_1_263' title='bbox 283 3338 399 3394; x_wconf 84' lang='lat' dir='ltr'><strong>Abbate</strong></span> <span class='ocrx_word' id='word_1_264' title='bbox 422 3346 452 3394; x_wconf 87' lang='lat' dir='ltr'><strong>st</strong></span> <span class='ocrx_word' id='word_1_265' title='bbox 476 3341 694 3415; x_wconf 81' lang='lat' dir='ltr'><strong>successoribus</strong></span> <span class='ocrx_word' id='word_1_266' title='bbox 719 3341 790 3405; x_wconf 88' lang='lat' dir='ltr'><strong>suis,</strong></span> <span class='ocrx_word' id='word_1_267' title='bbox 809 3357 863 3412; x_wconf 89' lang='lat' dir='ltr'><strong>per</strong></span> <span class='ocrx_word' id='word_1_268' title='bbox 880 3341 1051 3411; x_wconf 84' lang='lat' dir='ltr'><strong>homagium</strong></span> <span class='ocrx_word' id='word_1_269' title='bbox 1068 3345 1099 3395; x_wconf 88' lang='lat' dir='ltr'><strong>et</strong></span> <span class='ocrx_word' id='word_1_270' title='bbox 1116 3339 1210 3393; x_wconf 86' lang='lat' dir='ltr'><strong>fideli-</strong></span> 
     </span>
    </p>

    <p class='ocr_par' dir='ltr' id='par_1_25' title="bbox 165 3423 1210 3496">
     <span class='ocr_line' id='line_1_31' title="bbox 165 3423 1210 3496; baseline -0.003 -17"><span class='ocrx_word' id='word_1_271' title='bbox 165 3425 182 3450; x_wconf 86' lang='lat'>“</span> <span class='ocrx_word' id='word_1_272' title='bbox 200 3429 302 3486; x_wconf 81' lang='lat' dir='ltr'><strong>tatem,</strong></span> <span class='ocrx_word' id='word_1_273' title='bbox 323 3428 354 3477; x_wconf 87' lang='lat' dir='ltr'><strong>et</strong></span> <span class='ocrx_word' id='word_1_274' title='bbox 372 3423 528 3478; x_wconf 86' lang='lat' dir='ltr'><strong>servitium</strong></span> <span class='ocrx_word' id='word_1_275' title='bbox 546 3424 653 3494; x_wconf 88' lang='lat' dir='ltr'><strong>viginti</strong></span> <span class='ocrx_word' id='word_1_276' title='bbox 672 3424 834 3479; x_wconf 90' lang='lat' dir='ltr'><strong>solidorum</strong></span> <span class='ocrx_word' id='word_1_277' title='bbox 851 3443 905 3496; x_wconf 89' lang='lat' dir='ltr'><strong>per</strong></span> <span class='ocrx_word' id='word_1_278' title='bbox 923 3441 1039 3488; x_wconf 89' lang='lat' dir='ltr'><strong>annum,</strong></span> <span class='ocrx_word' id='word_1_279' title='bbox 1060 3430 1094 3479; x_wconf 92' lang='lat' dir='ltr'><strong>ut</strong></span> <span class='ocrx_word' id='word_1_280' title='bbox 1120 3440 1210 3494; x_wconf 82' lang='lat' dir='ltr'><strong>supro</strong></span> 
     </span>
    </p>

    <p class='ocr_par' dir='ltr' id='par_1_26' title="bbox 165 3505 1208 3579">
     <span class='ocr_line' id='line_1_32' title="bbox 165 3505 1208 3579; baseline -0.003 -17"><span class='ocrx_word' id='word_1_281' title='bbox 165 3508 181 3533; x_wconf 82' lang='lat'><strong>‘⁸</strong></span> <span class='ocrx_word' id='word_1_282' title='bbox 200 3505 312 3562; x_wconf 86' lang='lat' dir='ltr'><strong>dictum</strong></span> <span class='ocrx_word' id='word_1_283' title='bbox 331 3511 385 3570; x_wconf 85' lang='lat' dir='ltr'><strong>eet,</strong></span> <span class='ocrx_word' id='word_1_284' title='bbox 398 3522 499 3561; x_wconf 90' lang='lat' dir='ltr'><strong>necne.</strong></span> <span class='ocrx_word' id='word_1_285' title='bbox 538 3507 578 3562; x_wconf 77' lang='lat' dir='ltr'><strong>Bt</strong></span> <span class='ocrx_word' id='word_1_286' title='bbox 595 3507 622 3561; x_wconf 89' lang='lat' dir='ltr'><strong>si</strong></span> <span class='ocrx_word' id='word_1_287' title='bbox 640 3507 692 3573; x_wconf 90' lang='lat' dir='ltr'><strong>sic,</strong></span> <span class='ocrx_word' id='word_1_288' title='bbox 706 3515 775 3563; x_wconf 87' lang='lat' dir='ltr'><strong>tune</strong></span> <span class='ocrx_word' id='word_1_289' title='bbox 794 3525 852 3579; x_wconf 89' lang='lat' dir='ltr'><strong>quo</strong></span> <span class='ocrx_word' id='word_1_290' title='bbox 869 3514 1009 3579; x_wconf 87' lang='lat' dir='ltr'><strong>tempore,</strong></span> <span class='ocrx_word' id='word_1_291' title='bbox 1023 3512 1054 3562; x_wconf 88' lang='lat' dir='ltr'><strong>et</strong></span> <span class='ocrx_word' id='word_1_292' title='bbox 1071 3506 1208 3578; x_wconf 87' lang='lat' dir='ltr'><strong>qualiter,</strong></span> 
     </span>
    </p>

    <p class='ocr_par' dir='ltr' id='par_1_27' title="bbox 165 3589 1211 3663">
     <span class='ocr_line' id='line_1_33' title="bbox 165 3589 1211 3663; baseline 0 -18"><span class='ocrx_word' id='word_1_293' title='bbox 165 3592 182 3616; x_wconf 90' lang='lat'>“</span> <span class='ocrx_word' id='word_1_294' title='bbox 200 3594 231 3645; x_wconf 81' lang='lat' dir='ltr'><strong>st</strong></span> <span class='ocrx_word' id='word_1_295' title='bbox 248 3590 403 3660; x_wconf 86' lang='lat' dir='ltr'><strong>quomodo.</strong></span> <span class='ocrx_word' id='word_1_296' title='bbox 439 3591 479 3645; x_wconf 82' lang='lat' dir='ltr'><strong>Et</strong></span> <span class='ocrx_word' id='word_1_297' title='bbox 497 3592 523 3646; x_wconf 89' lang='lat' dir='ltr'><strong>si</strong></span> <span class='ocrx_word' id='word_1_298' title='bbox 540 3589 670 3647; x_wconf 86' lang='lat' dir='ltr'><strong>Abbates</strong></span> <span class='ocrx_word' id='word_1_299' title='bbox 689 3591 746 3646; x_wconf 86' lang='lat' dir='ltr'><strong>loci</strong></span> <span class='ocrx_word' id='word_1_300' title='bbox 762 3591 906 3663; x_wconf 76' lang='lat' dir='ltr'><strong>predicti,</strong></span> <span class='ocrx_word' id='word_1_301' title='bbox 927 3610 945 3647; x_wconf 81' lang='lat' dir='ltr'><strong>a</strong></span> <span class='ocrx_word' id='word_1_302' title='bbox 961 3597 1092 3662; x_wconf 88' lang='lat' dir='ltr'><strong>tempore</strong></span> <span class='ocrx_word' id='word_1_303' title='bbox 1110 3590 1211 3645; x_wconf 90' lang='lat' dir='ltr'><strong>dimis-</strong></span> 
     </span>
    </p>

    <p class='ocr_par' dir='ltr' id='par_1_28' title="bbox 164 3672 1210 3748">
     <span class='ocr_line' id='line_1_34' title="bbox 164 3672 1210 3748; baseline 0.001 -20"><span class='ocrx_word' id='word_1_304' title='bbox 164 3675 181 3698; x_wconf 91' lang='lat'>“</span> <span class='ocrx_word' id='word_1_305' title='bbox 200 3673 291 3728; x_wconf 89' lang='lat' dir='ltr'><strong>sionis</strong></span> <span class='ocrx_word' id='word_1_306' title='bbox 309 3672 466 3744; x_wconf 82' lang='lat' dir='ltr'><strong>praedictae,</strong></span> <span class='ocrx_word' id='word_1_307' title='bbox 487 3674 522 3729; x_wconf 90' lang='lat' dir='ltr'><strong>de</strong></span> <span class='ocrx_word' id='word_1_308' title='bbox 540 3675 680 3747; x_wconf 69' lang='lat' dir='ltr'><strong>praedicto</strong></span> <span class='ocrx_word' id='word_1_309' title='bbox 698 3675 816 3732; x_wconf 88' lang='lat' dir='ltr'><strong>redditu</strong></span> <span class='ocrx_word' id='word_1_310' title='bbox 827 3677 935 3748; x_wconf 83' lang='lat' dir='ltr'><strong>viginti</strong></span> <span class='ocrx_word' id='word_1_311' title='bbox 947 3676 1115 3742; x_wconf 89' lang='lat' dir='ltr'><strong>solidorum,</strong></span> <span class='ocrx_word' id='word_1_312' title='bbox 1129 3680 1164 3730; x_wconf 89' lang='lat' dir='ltr'><strong>ut</strong></span> <span class='ocrx_word' id='word_1_313' title='bbox 1175 3675 1210 3729; x_wconf 89' lang='lat' dir='ltr'><strong>de</strong></span> 
     </span>
    </p>

    <p class='ocr_par' dir='ltr' id='par_1_29' title="bbox 164 3754 1286 3835">
     <span class='ocr_line' id='line_1_35' title="bbox 164 3754 1286 3835; baseline 0.004 -25"><span class='ocrx_word' id='word_1_314' title='bbox 164 3759 181 3783; x_wconf 91' lang='lat'><strong>“</strong></span> <span class='ocrx_word' id='word_1_315' title='bbox 199 3754 319 3812; x_wconf 88' lang='lat' dir='ltr'><strong>redditu</strong></span> <span class='ocrx_word' id='word_1_316' title='bbox 337 3758 451 3813; x_wconf 82' lang='lat' dir='ltr'><strong>servitii</strong></span> <span class='ocrx_word' id='word_1_317' title='bbox 469 3776 523 3830; x_wconf 91' lang='lat' dir='ltr'><strong>pro</strong></span> <span class='ocrx_word' id='word_1_318' title='bbox 541 3757 706 3814; x_wconf 87' lang='lat' dir='ltr'><strong>molendino</strong></span> <span class='ocrx_word' id='word_1_319' title='bbox 723 3760 873 3832; x_wconf 80' lang='lat' dir='ltr'><strong>predicto,</strong></span> <span class='ocrx_word' id='word_1_320' title='bbox 886 3767 1011 3835; x_wconf 81' lang='lat' dir='ltr'><strong>temper</strong></span> <span class='ocrx_word' id='word_1_321' title='bbox 1023 3780 1126 3818; x_wconf 85' lang='lat' dir='ltr'><strong>manus</strong></span> <span class='ocrx_word' id='word_1_322' title='bbox 1138 3779 1211 3833; x_wconf 82' lang='lat' dir='ltr'><strong>prae·</strong></span> <span class='ocrx_word' id='word_1_323' title='bbox 1284 3781 1286 3785; x_wconf 56' lang='lat'><strong><em>¹</em></strong></span> 
     </span>
    </p>

    <p class='ocr_par' dir='ltr' id='par_1_30' title="bbox 163 3837 1211 3918">
     <span class='ocr_line' id='line_1_36' title="bbox 163 3837 1211 3918; baseline 0.004 -24"><span class='ocrx_word' id='word_1_324' title='bbox 163 3843 181 3868; x_wconf 88' lang='lat'>“</span> <span class='ocrx_word' id='word_1_325' title='bbox 199 3837 346 3896; x_wconf 89' lang='lat' dir='ltr'><strong>dictorum</strong></span> <span class='ocrx_word' id='word_1_326' title='bbox 357 3840 502 3897; x_wconf 88' lang='lat' dir='ltr'><strong>Willelmi</strong></span> <span class='ocrx_word' id='word_1_327' title='bbox 522 3848 551 3897; x_wconf 90' lang='lat' dir='ltr'><strong>et</strong></span> <span class='ocrx_word' id='word_1_328' title='bbox 570 3841 721 3914; x_wconf 86' lang='lat' dir='ltr'><strong>Stephani,</strong></span> <span class='ocrx_word' id='word_1_329' title='bbox 737 3860 825 3914; x_wconf 89' lang='lat' dir='ltr'><strong>quam</strong></span> <span class='ocrx_word' id='word_1_330' title='bbox 843 3845 933 3900; x_wconf 88' lang='lat' dir='ltr'><strong>etiam</strong></span> <span class='ocrx_word' id='word_1_331' title='bbox 950 3863 1004 3918; x_wconf 90' lang='lat' dir='ltr'><strong>per</strong></span> <span class='ocrx_word' id='word_1_332' title='bbox 1021 3862 1124 3901; x_wconf 89' lang='lat' dir='ltr'><strong>manus</strong></span> <span class='ocrx_word' id='word_1_333' title='bbox 1137 3846 1211 3901; x_wconf 70' lang='lat' dir='ltr'><strong>aviae</strong></span> 
     </span>
    </p>

    <p class='ocr_par' dir='ltr' id='par_1_31' title="bbox 164 3924 1210 4003">
     <span class='ocr_line' id='line_1_37' title="bbox 164 3924 1210 4003; baseline 0.004 -23"><span class='ocrx_word' id='word_1_334' title='bbox 164 3926 182 3954; x_wconf 81' lang='lat'><strong>‘⁸</strong></span> <span class='ocrx_word' id='word_1_335' title='bbox 201 3931 232 3980; x_wconf 84' lang='lat' dir='ltr'><strong>et</strong></span> <span class='ocrx_word' id='word_1_336' title='bbox 247 3924 341 3997; x_wconf 85' lang='lat' dir='ltr'><strong>patris</strong></span> <span class='ocrx_word' id='word_1_337' title='bbox 365 3927 458 3982; x_wconf 85' lang='lat' dir='ltr'><strong>nostri</strong></span> <span class='ocrx_word' id='word_1_338' title='bbox 482 3926 702 3998; x_wconf 78' lang='lat' dir='ltr'><strong>predictorum,</strong></span> <span class='ocrx_word' id='word_1_339' title='bbox 723 3928 818 3984; x_wconf 85' lang='lat' dir='ltr'><strong>saisiti</strong></span> <span class='ocrx_word' id='word_1_340' title='bbox 842 3929 969 3996; x_wconf 87' lang='lat' dir='ltr'><strong>inerunt,</strong></span> <span class='ocrx_word' id='word_1_341' title='bbox 990 3938 1023 3986; x_wconf 93' lang='lat' dir='ltr'><strong>ut</strong></span> <span class='ocrx_word' id='word_1_342' title='bbox 1040 3930 1210 4003; x_wconf 67' lang='lat' dir='ltr'><strong>praedictum</strong></span> 
     </span>
    </p>

    <p class='ocr_par' dir='ltr' id='par_1_32' title="bbox 164 4010 1210 4086">
     <span class='ocr_line' id='line_1_38' title="bbox 164 4010 1210 4086; baseline 0.002 -20"><span class='ocrx_word' id='word_1_343' title='bbox 164 4013 182 4036; x_wconf 90' lang='grc'><em>“</em></span> <span class='ocrx_word' id='word_1_344' title='bbox 201 4015 256 4075; x_wconf 83' lang='lat' dir='ltr'><strong>est,</strong></span> <span class='ocrx_word' id='word_1_345' title='bbox 276 4026 377 4066; x_wconf 86' lang='lat' dir='ltr'><strong>neone.</strong></span> <span class='ocrx_word' id='word_1_346' title='bbox 424 4010 464 4066; x_wconf 79' lang='lat' dir='ltr'><strong>Et</strong></span> <span class='ocrx_word' id='word_1_347' title='bbox 490 4012 515 4066; x_wconf 90' lang='lat' dir='ltr'><strong>si</strong></span> <span class='ocrx_word' id='word_1_348' title='bbox 544 4012 597 4075; x_wconf 91' lang='lat' dir='ltr'><strong>sic,</strong></span> <span class='ocrx_word' id='word_1_349' title='bbox 616 4018 688 4068; x_wconf 90' lang='lat' dir='ltr'><strong>tnnc</strong></span> <span class='ocrx_word' id='word_1_350' title='bbox 713 4013 765 4082; x_wconf 90' lang='lat' dir='ltr'><strong>qni</strong></span> <span class='ocrx_word' id='word_1_351' title='bbox 791 4012 931 4079; x_wconf 82' lang='lat' dir='ltr'><strong>Abbetes,</strong></span> <span class='ocrx_word' id='word_1_352' title='bbox 951 4020 982 4071; x_wconf 86' lang='lat' dir='ltr'><strong>et</strong></span> <span class='ocrx_word' id='word_1_353' title='bbox 998 4033 1052 4086; x_wconf 86' lang='grc' dir='ltr'>ρει·</span> <span class='ocrx_word' id='word_1_354' title='bbox 1070 4020 1210 4085; x_wconf 86' lang='lat' dir='ltr'><strong>quantum</strong></span> 
     </span>
    </p>
   </div>
   <div class='ocr_carea' id='block_1_3' title="bbox 1061 4197 1208 4205">
    <p class='ocr_par' dir='ltr' id='par_1_33' title="bbox 1061 4197 1208 4205">
     <span class='ocr_line' id='line_1_39' title="bbox 1061 4197 1208 4205; baseline 0.007 -1"><span class='ocrx_word' id='word_1_355' title='bbox 1061 4197 1208 4205; x_wconf 71' lang='lat'><em>----—--——.</em></span> 
     </span>
    </p>
   </div>
   <div class='ocr_carea' id='block_1_4' title="bbox 165 4311 1214 4696">
    <p class='ocr_par' dir='ltr' id='par_1_34' title="bbox 165 4311 1214 4696">
     <span class='ocr_line' id='line_1_40' title="bbox 196 4311 1214 4381; baseline 0.002 -17"><span class='ocrx_word' id='word_1_356' title='bbox 196 4311 301 4366; x_wconf 78' lang='grc' dir='ltr'><strong>1ΤΙιειε</strong></span> <span class='ocrx_word' id='word_1_357' title='bbox 315 4313 345 4375; x_wconf 83' lang='lat' dir='ltr'><strong>is,</strong></span> <span class='ocrx_word' id='word_1_358' title='bbox 364 4318 409 4364; x_wconf 86' lang='lat' dir='ltr'><strong>not</strong></span> <span class='ocrx_word' id='word_1_359' title='bbox 424 4313 590 4378; x_wconf 82' lang='lat' dir='ltr'><strong>improbably,</strong></span> <span class='ocrx_word' id='word_1_360' title='bbox 599 4326 669 4365; x_wconf 80' lang='lat' dir='ltr'><strong>some</strong></span> <span class='ocrx_word' id='word_1_361' title='bbox 712 4315 773 4381; x_wconf 82' lang='lat' dir='ltr'><strong>they</strong></span> <span class='ocrx_word' id='word_1_362' title='bbox 784 4316 858 4366; x_wconf 88' lang='lat' dir='ltr'><strong>could</strong></span> <span class='ocrx_word' id='word_1_363' title='bbox 869 4318 938 4380; x_wconf 81' lang='lat' dir='ltr'><strong>both,</strong></span> <span class='ocrx_word' id='word_1_364' title='bbox 955 4333 983 4369; x_wconf 82' lang='lat' dir='ltr'><strong>ss</strong></span> <span class='ocrx_word' id='word_1_365' title='bbox 993 4317 1102 4380; x_wconf 81' lang='lat' dir='ltr'><strong>Abbots,</strong></span> <span class='ocrx_word' id='word_1_366' title='bbox 1118 4317 1214 4368; x_wconf 83' lang='lat' dir='ltr'><strong>receive</strong></span> 
     </span>
     <span class='ocr_line' id='line_1_41' title="bbox 165 4391 1214 4459; baseline 0.005 -17"><span class='ocrx_word' id='word_1_367' title='bbox 165 4392 282 4444; x_wconf 85' lang='lat' dir='ltr'><strong>omission</strong></span> <span class='ocrx_word' id='word_1_368' title='bbox 288 4392 545 4443; x_wconf 76' lang='lat' dir='ltr'><strong>herezAbbothrin</strong></span> <span class='ocrx_word' id='word_1_369' title='bbox 551 4391 608 4441; x_wconf 91' lang='lat' dir='ltr'><strong>died</strong></span> <span class='ocrx_word' id='word_1_370' title='bbox 616 4407 667 4445; x_wconf 72' lang='lat' dir='ltr'><strong>nn.</strong></span> <span class='ocrx_word' id='word_1_371' title='bbox 711 4395 872 4445; x_wconf 83' lang='lat' dir='ltr'><strong>rent-service</strong></span> <span class='ocrx_word' id='word_1_372' title='bbox 889 4397 954 4446; x_wconf 79' lang='lat' dir='ltr'><strong>from</strong></span> <span class='ocrx_word' id='word_1_373' title='bbox 970 4398 1013 4447; x_wconf 85' lang='lat' dir='ltr'><strong>the</strong></span> <span class='ocrx_word' id='word_1_374' title='bbox 1024 4413 1092 4448; x_wconf 86' lang='lat' dir='ltr'><strong>same</strong></span> <span class='ocrx_word' id='word_1_375' title='bbox 1103 4413 1169 4459; x_wconf 84' lang='lat' dir='ltr'><strong>man,</strong></span> <span class='ocrx_word' id='word_1_376' title='bbox 1186 4412 1214 4447; x_wconf 86' lang='lat' dir='ltr'><strong>as</strong></span> 
     </span>
     <span class='ocr_line' id='line_1_42' title="bbox 168 4470 1064 4541; baseline 0.006 -20"><span class='ocrx_word' id='word_1_377' title='bbox 168 4477 239 4534; x_wconf 75' lang='lat'><strong>1105,</strong></span> <span class='ocrx_word' id='word_1_378' title='bbox 249 4472 393 4522; x_wconf 81' lang='lat' dir='ltr'><strong>andnbbot</strong></span> <span class='ocrx_word' id='word_1_379' title='bbox 404 4471 475 4522; x_wconf 87' lang='lat' dir='ltr'><strong>John</strong></span> <span class='ocrx_word' id='word_1_380' title='bbox 486 4472 518 4520; x_wconf 87' lang='lat' dir='ltr'><strong>de</strong></span> <span class='ocrx_word' id='word_1_381' title='bbox 528 4470 669 4521; x_wconf 86' lang='lat' dir='ltr'><strong>Berkham·</strong></span> <span class='ocrx_word' id='word_1_382' title='bbox 713 4489 792 4524; x_wconf 87' lang='lat' dir='ltr'><strong>seems</strong></span> <span class='ocrx_word' id='word_1_383' title='bbox 803 4482 830 4524; x_wconf 88' lang='lat' dir='ltr'><strong>to</strong></span> <span class='ocrx_word' id='word_1_384' title='bbox 841 4476 872 4524; x_wconf 88' lang='lat' dir='ltr'><strong>be</strong></span> <span class='ocrx_word' id='word_1_385' title='bbox 883 4475 943 4525; x_wconf 85' lang='lat' dir='ltr'><strong>here</strong></span> <span class='ocrx_word' id='word_1_386' title='bbox 960 4476 1064 4541; x_wconf 79' lang='lat' dir='ltr'><strong>alleged.</strong></span> 
     </span>
     <span class='ocr_line' id='line_1_43' title="bbox 166 4550 984 4611; baseline 0.002 -9"><span class='ocrx_word' id='word_1_387' title='bbox 166 4553 235 4603; x_wconf 82' lang='lat' dir='ltr'><strong>stede</strong></span> <span class='ocrx_word' id='word_1_388' title='bbox 245 4565 297 4601; x_wconf 77' lang='lat' dir='ltr'><strong>vas</strong></span> <span class='ocrx_word' id='word_1_389' title='bbox 308 4558 353 4601; x_wconf 90' lang='lat' dir='ltr'><strong>not</strong></span> <span class='ocrx_word' id='word_1_390' title='bbox 363 4552 460 4601; x_wconf 80' lang='lat' dir='ltr'><strong>elected</strong></span> <span class='ocrx_word' id='word_1_391' title='bbox 477 4550 540 4600; x_wconf 85' lang='lat' dir='ltr'><strong>until</strong></span> <span class='ocrx_word' id='word_1_392' title='bbox 554 4555 632 4611; x_wconf 79' lang='lat'>12903</span> <span class='ocrx_word' id='word_1_393' title='bbox 648 4551 670 4600; x_wconf 86' lang='lat' dir='ltr'><strong>it</strong></span> <span class='ocrx_word' id='word_1_394' title='bbox 746 4555 756 4583; x_wconf 84' lang='lat'>²</span> <span class='ocrx_word' id='word_1_395' title='bbox 768 4553 880 4603; x_wconf 85' lang='lat' dir='ltr'><strong>Omitted</strong></span> <span class='ocrx_word' id='word_1_396' title='bbox 888 4555 915 4602; x_wconf 91' lang='lat' dir='ltr'><strong>in</strong></span> <span class='ocrx_word' id='word_1_397' title='bbox 926 4554 984 4606; x_wconf 82' lang='lat' dir='ltr'><strong>Ms.</strong></span> 
     </span>
     <span class='ocr_line' id='line_1_44' title="bbox 165 4629 669 4696; baseline -0.002 -15"><span class='ocrx_word' id='word_1_398' title='bbox 165 4646 218 4682; x_wconf 77' lang='lat' dir='ltr'><strong>vas</strong></span> <span class='ocrx_word' id='word_1_399' title='bbox 239 4631 419 4696; x_wconf 81' lang='lat' dir='ltr'><strong>consequendy</strong></span> <span class='ocrx_word' id='word_1_400' title='bbox 445 4629 589 4695; x_wconf 82' lang='lat' dir='ltr'><strong>impossible</strong></span> <span class='ocrx_word' id='word_1_401' title='bbox 615 4632 669 4681; x_wconf 82' lang='lat' dir='ltr'><strong>that</strong></span> 
     </span>
    </p>
   </div>
   <div class='ocr_carea' id='block_1_5' title="bbox 0 0 1536 5452">
    <p class='ocr_par' dir='ltr' id='par_1_35' title="bbox 0 0 1536 5452">
     <span class='ocr_line' id='line_1_45' title="bbox 0 0 1536 5452; baseline 0 0"><span class='ocrx_word' id='word_1_402' title='bbox 0 0 1536 5452; x_wconf 95' lang='lat' dir='ltr'><strong> </strong></span> 
     </span>
    </p>
   </div>
  </div>
 </body>
</html>
