3038 5452
473 498 654 551 nrrnmrx
674 484 741 572 (a)
1065 484 1130 557 479

124 689 174 756 Dc
195 687 427 756 oblatiortibiw
448 687 685 756 Sacerdotibus
706 687 924 756 asanaa
946 687 1076 770 oblatio,

234 790 375 859 Oroatis
386 790 584 895 'ommam
605 791 711 858 debite
728 788 967 879 persolvendis.

119 931 138 956 ‘⁶
150 928 271 993 Audito,
285 933 316 983 et
328 945 346 982 a
356 928 492 1000 pluribus
504 927 664 993 intellecto,
679 927 886 999 quodquidam
905 926 1086 992 Sacerdotes,
1099 927 1131 982 in

77 1014 105 1040 '¹‘
123 1012 258 1083 exequiis
276 1017 461 1067 mortuorum
478 1029 533 1083 pro
551 1011 675 1066 mortuis
693 1012 884 1077 celebrantes,
899 1011 997 1067 oblata
1007 1008 1130 1077 eisdem,

83 1099 104 1124 “
123 1101 263 1168 tauquam
281 1096 326 1150 eis
354 1094 463 1160 debita,
483 1095 657 1151 Rectoribus
683 1113 736 1151 seu
753 1094 893 1162 Vicariis,
919 1096 969 1151 rol
998 1095 1065 1152 aliis
1095 1096 1132 1151 ad

84 1182 105 1208 “
124 1197 199 1251 quos
223 1179 350 1249 dejure
373 1179 422 1235 vel
440 1178 650 1235 consuetudine
667 1179 836 1252 hujusmodi
862 1179 1024 1261 oblationes
1050 1198 1133 1252 spec·

83 1266 105 1293 ‘⁸
124 1269 189 1321 tare
206 1269 375 1328 noscuntur,
395 1263 498 1319 invitis
516 1268 547 1318 et
563 1263 778 1334 ignorantibus,
791 1281 935 1336 usurpare
954 1281 1030 1320 ausu
1042 1269 1134 1319 terne-

83 1349 106 1376 “
125 1347 275 1403 raricnou
299 1346 474 1412 formidant3
500 1364 601 1402 eorum
624 1349 823 1404 temeritatem
840 1365 1027 1419 compescere
1050 1348 1136 1404 affec-

84 1434 106 1460 “
124 1435 231 1496 lantes,
260 1431 416 1486 statuendo
444 1430 611 1487 iuhibemus
641 1451 679 1487 ne
705 1432 771 1504 quis
803 1432 938 1488 sacerdos
965 1431 1073 1498 divine,
1100 1438 1135 1487 ut

83 1518 106 1545 “
124 1514 325 1587 premittitur,
344 1513 506 1579 celebrans,
526 1514 694 1586 hujusmodi
713 1516 770 1572 sibi
789 1515 888 1570 oblata
905 1515 1072 1580 vendicare,
1086 1517 1133 1571 vel

84 1601 107 1627 “
125 1597 187 1655 illis
205 1598 244 1653 ad
261 1615 334 1669 quos
352 1597 522 1670 hujusmodi
540 1605 682 1670 spectent,
702 1600 739 1654 de
761 1599 829 1670 juro
856 1599 905 1653 vol
922 1598 959 1653 de
982 1606 1135 1654 consuetu·

84 1684 107 1712 “
125 1681 204 1746 dine,
223 1681 325 1737 invitis
342 1682 391 1738 vel
409 1683 624 1753 ignorantibus,
644 1683 681 1738 ab
698 1682 831 1738 ecclesiis
856 1682 887 1736 in
908 1682 1016 1752 quibus
1034 1682 1135 1738 divina

85 1770 107 1794 “
125 1765 318 1823 celebraverit
335 1772 486 1839 asportare
502 1773 671 1838 prasumat.
710 1766 743 1822 Si
768 1767 836 1839 quis
854 1770 951 1822 autom
969 1765 1024 1821 hoc
1042 1771 1133 1822 atten-

86 1854 107 1882 “
125 1856 191 1907 tare
207 1849 438 1923 presumpserit,
454 1869 549 1923 poenas
566 1850 717 1921 sacrilegii
734 1868 767 1907 se
784 1851 901 1908 noverit
918 1849 1080 1920 subjacere.

207 2058 257 2125 De
278 2057 346 2124 oleo
367 2057 598 2145 Infirmorosoo
619 2080 680 2123 sco
702 2063 845 2145 tompore
863 2057 1014 2146 petertdo.

124 2191 197 2248 “Ut
212 2193 311 2249 cultus
328 2191 456 2258 divinus,
476 2193 514 2248 ad
526 2192 666 2248 honorem
684 2191 749 2257 Dei,
763 2210 816 2264 per
834 2192 997 2248 absentiam
1015 2191 1135 2249 clerico·

84 2278 104 2305 ‘⁶
124 2294 194 2333 rum
210 2277 243 2331 iu
266 2276 400 2332 ecclesiis
423 2277 642 2348 parochialibus
667 2280 775 2332 nostrie
793 2276 1008 2347 jurisdictionis
1035 2277 1135 2333 minis·

86 2363 106 2390 ‘⁴
125 2360 278 2426 truntium,
298 2378 352 2433 pro
370 2361 527 2432 quaerendo
546 2362 610 2416 oleo
629 2366 729 2416 sancto
746 2364 777 2415 et
793 2360 977 2416 infirmorum
994 2362 1136 2418 hactenus

85 2447 107 2474 “
125 2444 159 2501 in
175 2444 290 2514 Vigffia
307 2444 431 2500 Pascha
455 2444 578 2500 minime
601 2444 778 2509 retardetur,
797 2445 846 2499 vel
869 2446 956 2501 modo
973 2446 1073 2503 debito
1091 2466 1136 2503 so-

85 2533 107 2561 “
125 2529 310 2601 lemniactar,
336 2528 472 2584 ordinere
496 2527 694 2584 ¹commodius
718 2528 870 2601 cupientes
894 2548 960 2601 quie
983 2531 1076 2587 officio
1094 2532 1138 2586 di-

85 2617 106 2644 “
124 2612 204 2679 rino,
217 2614 365 2686 precipue
376 2614 409 2668 in
420 2612 500 2669 dicta
511 2612 706 2679 solemnitate,
725 2612 822 2685 magis
840 2613 999 2686 expediunt
1015 2616 1138 2681 usitari3

84 2701 105 2729 ‘⁸
126 2697 262 2754 omnibus
289 2696 407 2753 clericis
429 2697 632 2769 jurisdictioni
659 2701 768 2754 nostrae
795 2697 947 2769 sabjectis,
966 2718 1023 2754 non
1041 2699 1138 2755 minue

84 2786 106 2813 “
125 2789 225 2839 tamen
250 2781 360 2854 viginti
386 2799 529 2837 annorum
554 2781 659 2848 aetatis,
681 2783 788 2853 quibus
806 2781 952 2838 incumbit
969 2783 1139 2853 hujusmodi

84 2869 106 2897 “
127 2883 259 2938 quaerere
285 2865 516 2930 Sacramentum,
535 2865 590 2920 hac
609 2864 826 2921 Constitutione
853 2865 975 2936 provido
1002 2865 1138 2922 duximus

84 2953 106 2981 ‘⁸
126 2950 351 3022 injungendum,
370 2956 405 3006 ut
422 2950 470 3004 die
489 2948 610 3005 Sabbati
633 2947 765 3021 proxima
791 2953 859 3004 ante
878 2948 1063 3004 Dominicam
1080 2968 1139 3021 qua

85 3039 107 3066 ‘⁸
128 3040 264 3093 cantatur
280 3033 602 3103 Officium-’‘Quasi
632 3033 718 3090 modo
747 3030 863 3105 geniti,’
892 3031 1030 3088 intersint
1059 3035 1138 3104 apud

85 3123 107 3150 “
127 3119 269 3176 Sanctum
285 3117 447 3184 Albanum,
465 3136 534 3174 cum
552 3117 780 3189 superpelliciis,
798 3135 858 3172 non
873 3116 1019 3181 laceratis,
1035 3117 1138 3174 docen-

85 3206 108 3233 “
128 3208 176 3259 ter
200 3201 307 3268 induti,
336 3208 403 3258 ante
429 3202 522 3257 altare
561 3200 662 3258 Sancti
690 3200 856 3267 Michaelis,
880 3201 966 3272 juxta
995 3202 1137 3260 feretrum

85 3291 108 3318 ‘⁸
130 3285 229 3343 Sancti
240 3286 358 3352 Albani,
371 3286 444 3342 hora
453 3286 559 3358 prima,
573 3285 696 3358 petituri
708 3291 738 3340 ct
749 3286 896 3343 obtenturi
916 3286 1136 3344 Sacramentum

85 3374 108 3402 “
127 3370 323 3445 premissm
361 3369 440 3439 Quos
459 3369 486 3425 si
503 3369 654 3435 Rectorcs‚
673 3369 797 3435 Vicarii,
822 3369 871 3424 vel
888 3369 941 3425 alii
970 3370 1134 3444 Oapellani,

85 3458 109 3489 ‘⁴
127 3472 230 3512 curam
247 3454 387 3511 habentes
405 3453 578 3521 animarum,
591 3454 679 3510 modo
691 3454 827 3527 superius
846 3461 984 3513 annotato
995 3458 1134 3514 sufficion:

85 3544 109 3572 ‘⁴
128 3545 175 3597 ter
200 3557 259 3597 non
283 3539 429 3605 miserint,
449 3557 484 3596 eo
501 3539 566 3610 ipso
583 3557 637 3610 per
659 3556 791 3597 mensem
808 3558 828 3597 a
844 3541 1039 3598 celebratione
1064 3543 1137 3597 divi·

84 3628 110 3657 ⁴⁸
127 3640 232 3682 norum
248 3624 385 3681 noverint
402 3641 435 3681 se
453 3624 644 3696 suspensos.”

130 3823 183 3892 De
202 3821 562 3891 &amaricatione
580 3822 869 3910 procreationi,
892 3843 952 3889 sea
973 3821 1105 3890 rottro-

358 3925 522 4007 lieato'tom,
540 3925 627 4011 jaro
649 3925 876 3993 mcksiosto'co.

127 4058 202 4114 “Ex
226 4058 397 4115 auctoritate
418 4056 475 4114 Dei
497 4057 597 4114 Patris
624 4057 849 4130 Omnipoteutis,
869 4060 899 4112 ct
915 4057 1017 4113 Beatm
1032 4056 1134 4130 Virgi-

86 4146 110 4174 “
128 4142 176 4200 nis
193 4143 306 4209 Marias,
324 4148 355 4199 et
372 4142 510 4198 Omnium
529 4141 711 4207 Sanctorum,
731 4148 761 4198 ct
778 4141 930 4214 praeeatis
950 4143 1070 4213 Synodi,
1089 4163 1138 4202 ev·

122 4344 365 4395 ¹conodiaeinMS.
636 4342 817 4408 FirstSunday
828 4342 993 4394 atiorEaster.

122 4424 199 4476 ''l'he
221 4424 312 4476 Introit
333 4426 383 4474 and
404 4438 477 4473 name
500 4423 528 4472 of
548 4424 591 4473 the
