3038 5452
303 719 368 782 460
665 731 772 782 asses
793 731 954 782 sanarum

157 908 276 968 Thomas,
306 921 324 943 ‘⁴

184 975 246 1025 anth

161 1041 258 1101 Abbot,

177 1108 243 1157 An.

153 1177 273 1224 lasa-aa.
291 1174 323 1232 ,“

344 918 456 988 apicem
480 917 683 987 Megiste-,ilem
709 917 874 980 ascendant,
906 924 957 972 aut
987 917 1114 988 gradum
1141 916 1353 972 Baeulariatus

306 1004 324 1026 ‘⁶
344 1002 497 1071 attingant,
516 1000 568 1056 sed
595 1008 628 1055 ut
656 1001 765 1055 ibidem
792 1000 944 1056 addiscant
968 1001 1036 1056 aliis
1063 1000 1161 1055 debite
1185 1018 1353 1072 proponere

305 1090 323 1112 ‘⁴
344 1086 465 1141 verbum
483 1085 548 1148 Dei,
567 1087 597 1140 in
616 1085 790 1156 disputando
816 1091 846 1139 et
871 1084 1054 1156 praedicando
1078 1084 1238 1140 habiliores
1264 1085 1354 1139 eflici-

343 1178 437 1234 antur,
458 1190 491 1225 ac
510 1170 712 1241 promptiores,
727 1170 883 1225 statuimus
903 1174 936 1225 ut
954 1170 1104 1226 studentes
1117 1170 1149 1223 in
1160 1168 1354 1224 facultatibus

304 1258 322 1281 ‘⁸
343 1255 509 1311 memoratis
536 1255 582 1309 bis
608 1255 643 1309 dc
671 1254 754 1325 ipsis,
783 1254 882 1317 semel,
908 1253 1055 1318 videlicet,
1081 1254 1111 1307 in
1136 1253 1298 1324 theologia,
1323 1260 1355 1308 et

303 1342 322 1366 “
342 1340 433 1394 semel
446 1339 481 1394 de
497 1339 688 1410 philosophia,
709 1338 858 1410 disputent
871 1338 997 1410 singulis
1010 1337 1202 1409 septimanum
1222 1337 1354 1409 exceptis

302 1428 321 1449 ‘⁴
341 1429 438 1478 tamen
455 1423 663 1485 vacationibus,
683 1421 740 1476 nisi
768 1422 855 1477 Prior
881 1422 1061 1477 studentium
1089 1422 1169 1494 ipsos
1197 1420 1353 1477 studentes

302 1508 448 1563 “viderit
473 1509 604 1563 sufficere
631 1507 659 1560 in
688 1507 848 1571 vacatione,
875 1525 926 1562 seu
953 1505 1165 1570 vacationibus,
1183 1505 1350 1577 disputare.

302 1594 320 1617 ‘¹
340 1591 423 1660 Quod
442 1592 468 1646 si
486 1590 652 1662 contigerit,
671 1596 740 1645 tunc
759 1590 875 1644 ordinet
896 1589 982 1645 Prior
1006 1590 1080 1661 ipse,
1101 1589 1249 1660 quotiens,
1270 1594 1304 1644 et
1321 1589 1353 1643 in

302 1678 321 1701 ‘¹
341 1694 398 1747 qua
423 1677 570 1740 facultate,
591 1695 608 1730 a
627 1675 770 1746 quibusve
794 1674 936 1746 personis,
958 1675 997 1730 sit
1013 1692 1068 1746 pro
1091 1674 1160 1729 talis
1184 1674 1352 1730 vacationis

302 1764 321 1787 “
340 1766 470 1832 tempora
489 1759 706 1832 disputandum.

336 1849 355 1871 “
375 1845 421 1899 Da
444 1844 503 1899 hiis
530 1850 626 1899 autem
652 1843 702 1914 qui
721 1842 757 1897 ad
775 1843 1005 1899 Universitatcm
1031 1843 1198 1906 mittuntur,
1222 1860 1282 1898 non
1315 1842 1352 1897 ob

302 1933 320 1956 ‘⁶
340 1930 427 1984 aliam
446 1946 563 1984 causam
581 1927 638 1982 nisi
655 1934 690 1981 ut
707 1925 816 1981 ibidem
835 1927 989 1982 addiscant
1009 1927 1075 1981 aliis
1101 1927 1158 1982 rite
1184 1943 1352 1999 proponere

301 2016 320 2040 ‘⁴
339 2013 462 2067 verbum
487 2012 553 2074 Dei,
574 2011 729 2066 statuimus
756 2016 790 2065 ut
817 2010 870 2074 illi,
888 2011 974 2082 juxta
992 2011 1216 2080 dispositionem
1234 2010 1352 2065 Prioris

302 2101 320 2124 ‘⁶
340 2103 370 2151 et
393 2096 540 2151 saniorum
562 2094 752 2159 studentium,
773 2095 803 2148 in
831 2094 895 2150 loco
920 2101 1020 2150 nostro
1048 2094 1197 2149 communi
1217 2093 1350 2157 Osonim

300 2184 320 2208 ⁴‘
340 2180 386 2235 vel
405 2179 486 2243 alibi,
507 2179 557 2233 ubi
576 2179 662 2233 Prior
680 2179 744 2250 ipse
763 2185 794 2232 et
812 2179 941 2233 saniores
963 2177 1156 2242 decreverint,
1177 2179 1354 2249 frequenter

302 2270 320 2291 ‘⁸
340 2272 399 2320 tam
417 2264 449 2318 in
466 2263 569 2334 lingua
594 2262 699 2317 Latina
723 2261 895 2333 praedicent,
927 2280 1015 2334 quam
1040 2263 1171 2334 vulgari,
1193 2271 1230 2317 ut
1247 2263 1294 2317 sic
1322 2261 1354 2316 id

301 2352 319 2376 “
340 2348 487 2411 audacius,
506 2347 737 2418 promptiusque,
767 2347 928 2417 perficiant,
949 2365 1016 2402 cum
1036 2364 1085 2402 eos
1104 2346 1141 2401 ad
1160 2364 1216 2402 sua
1234 2345 1353 2401 Mones·

302 2436 320 2459 ‘⁸
340 2431 415 2486 teria
432 2431 589 2501 contigerit
606 2431 748 2486 revocari.

337 2519 356 2542 “
373 2516 529 2578 Praeterea,
544 2533 612 2569 cum
630 2515 661 2568 in
679 2513 882 2570 Benedictinis
902 2515 1169 2571 Constitutionibus
1199 2521 1353 2572 statuatur

302 2603 321 2627 ‘¹
340 2599 419 2671 quod
436 2599 642 2662 Praesidentes,
657 2599 767 2670 aliique
779 2599 904 2670 praelati,
920 2599 958 2654 ad
970 2598 1158 2656 Provinciale
1175 2598 1352 2671 Capitulum

302 2688 321 2710 “
339 2684 499 2748 venientes,
522 2684 695 2754 provideant
719 2683 798 2754 quod
824 2684 967 2747 monachi,
996 2684 1034 2739 ad
1062 2683 1168 2739 Studia
1195 2684 1351 2739 transmit

301 2771 320 2794 ‘⁴
339 2767 429 2830 tendi,
449 2765 569 2821 insimul
594 2773 819 2832 commorentur,
840 2768 944 2823 saltem
963 2767 1000 2822 sd
1018 2768 1116 2822 minus
1135 2767 1257 2832 dacem;
1288 2786 1351 2830 nos,

301 2857 318 2878 ‘¹
339 2850 550 2923 perpendentes
570 2850 647 2922 quod
658 2851 743 2906 Prior
762 2851 943 2908 studentium
962 2852 993 2906 id
1011 2853 1117 2907 melius
1136 2852 1235 2907 valeat
1252 2853 1351 2907 facere

301 2940 320 2962 “
340 2953 427 3006 quam
439 2935 643 2998 Praesidentes,
664 2937 819 2990 statuimus
839 2942 873 2991 ut
890 2936 977 2990 Prior
997 2936 1188 2998 studentium,
1203 2942 1351 3006 quatenus

300 3024 318 3046 ‘⁸
338 3020 366 3074 ei
383 3019 523 3090 possibile
542 3019 640 3082 fucrit,
662 3019 703 3073 sic
722 3019 882 3075 mittendus
901 3020 937 3074 ad
957 3020 1105 3084 Studium,
1125 3019 1243 3074 ordinet
1261 3028 1298 3074 ut
1314 3019 1351 3074 de

300 3108 318 3130 ‘⁶
338 3104 380 3159 eis
400 3110 506 3175 quanto
525 3103 624 3174 plures
643 3110 781 3174 poterunt
798 3105 909 3175 pariter
928 3104 1130 3174 hospitentur3
1159 3121 1214 3158 nec
1233 3104 1350 3174 quovis·

300 3191 319 3214 “
339 3187 424 3243 modo
443 3189 594 3260 permittat
611 3195 646 3242 ut
663 3187 740 3242 inter
763 3188 928 3252 saeculares,
950 3189 1013 3242 sine
1032 3188 1111 3242 socio
1129 3188 1348 3252 commonacho,

300 3277 319 3299 ‘⁴
338 3291 451 3328 moram
475 3272 614 3328 trahant:
642 3290 711 3327 cum
729 3272 769 3327 sit
794 3271 993 3344 scriptum-¹
1007 3271 1078 3327 ‘Vae
1097 3271 1168 3326 soli!
1191 3273 1347 3342 quiscum

300 3361 318 3382 ‘⁶
340 3363 346 3383 ‘
361 3357 510 3420 ceciderit,
523 3358 548 3412 si
561 3355 571 3386 '³
582 3356 783 3412 sublevantem
801 3375 859 3412 non
876 3355 983 3418 habet,’
1004 3360 1079 3411 et--‘
1091 3355 1201 3410 Melius
1215 3363 1263 3415 est
1276 3357 1347 3411 duos

300 3444 318 3466 “
341 3444 426 3496 ‘esse
446 3442 542 3503 simul,
563 3460 650 3512 quam
668 3441 779 3496 unum.’

249 3584 256 3599 ι
336 3528 354 3551 “
374 3525 474 3588 Porro,
495 3543 561 3579 cum
581 3525 758 3580 Constitutio
776 3525 969 3581 Benedictina
986 3525 1022 3580 dc
1041 3524 1145 3580 Priore
1165 3524 1346 3580 studentium

301 3610 319 3634 ‘⁶
339 3607 498 3663 ordinando
516 3608 552 3663 ad
572 3611 682 3679 quaevis
703 3609 808 3664 Studia
825 3611 975 3681 generalia
994 3629 1025 3664 se
1044 3608 1189 3673 extendat,
1209 3609 1347 3664 volumus

301 3695 319 3718 ‘⁶
339 3697 373 3746 ut
401 3692 432 3745 in
461 3691 659 3747 Universitatc
697 3693 887 3764 Cantibrigiae
917 3695 1003 3748 Prior
1034 3692 1225 3757 studentium,
1262 3693 1347 3763 juxta

301 3779 319 3802 ·‘
339 3775 458 3830 modum
484 3781 513 3828 et
538 3775 662 3830 sormam
686 3777 717 3830 in
743 3778 816 3847 ipsis
844 3777 1044 3832 Benedictinis
1072 3776 1221 3841 traditam,
1242 3776 1347 3831 amodo

301 3863 320 3886 “
340 3859 505 3932 deputetur,
538 3860 589 3928 qui
619 3861 828 3915 monachorum
860 3862 969 3917 ibidem
1006 3860 1188 3916 studentium
1219 3861 1346 3916 sollicite

301 3948 319 3971 “
339 3963 440 3999 curam
458 3949 551 4015 gerat,
566 3962 600 3998 ac
613 3944 691 4015 ipsos
707 3944 830 4000 solerter
841 3945 966 4017 regulet,
981 3950 1011 4000 et
1022 3945 1166 4009 discrete3
1185 3943 1345 3999 secundum

301 4032 319 4056 ‘⁶
340 4028 417 4100 quod
426 4029 529 4084 volunt
540 4027 626 4082 dicta
636 4028 833 4085 Benedictina
846 4048 880 4085 ac
892 4029 1090 4085 Provinciales
1101 4028 1343 4092 Constitutiones,

300 4118 319 4140 ‘⁴
340 4115 436 4186 ipsum
455 4114 589 4169 Priorem
608 4113 789 4168 studentium
808 4120 1023 4178 concernentes,
1044 4122 1074 4168 et
1095 4113 1267 4183 congruerit
1285 4120 1345 4168 tam

301 4203 319 4226 ‘⁸
339 4200 416 4255 dicto
434 4200 508 4265 locu,
528 4215 615 4269 quam
640 4215 761 4252 numero
787 4198 897 4254 ibidem
924 4199 1103 4254 studentium
1117 4198 1346 4268 monachorum.

295 4365 882 4375 ”v-——W--mm-m

334 4469 448 4523 'Errlas
460 4473 491 4525 iv.
507 4448 603 4535 10‚⁰aud
615 4479 638 4523 9.
819 4470 824 4537 Ι
871 4468 1044 4521 ²sullevantem
1061 4470 1087 4519 iu
1098 4471 1153 4523 MS.
