<?xml version="1.0" encoding="UTF-8"?>
<!DOCTYPE html PUBLIC "-//W3C//DTD XHTML 1.0 Transitional//EN"
    "http://www.w3.org/TR/xhtml1/DTD/xhtml1-transitional.dtd">
<html xmlns="http://www.w3.org/1999/xhtml" xml:lang="en" lang="en">
 <head>
  <title>
</title>
<meta http-equiv="Content-Type" content="text/html;charset=utf-8" />
  <meta name='ocr-system' content='tesseract 3.04.00' />
  <meta name='ocr-capabilities' content='ocr_page ocr_carea ocr_par ocr_line ocrx_word'/>
</head>
<body>
  <div class='ocr_page' id='page_1' title='image "./gestaabbatummon00parigoog_0339.png"; bbox 0 0 3038 5452; ppageno 0'>
   <div class='ocr_carea' id='block_1_1' title="bbox 326 695 999 758">
    <p class='ocr_par' dir='ltr' id='par_1_1' title="bbox 326 695 999 758">
     <span class='ocr_line' id='line_1_1' title="bbox 326 695 999 758; baseline 0.003 -2"><span class='ocrx_word' id='word_1_1' title='bbox 326 695 391 757; x_wconf 80' lang='lat'><strong>310</strong></span> <span class='ocrx_word' id='word_1_2' title='bbox 704 706 813 756; x_wconf 74' lang='lat' dir='ltr'><strong>onere</strong></span> <span class='ocrx_word' id='word_1_3' title='bbox 836 706 999 758; x_wconf 74' lang='lat' dir='ltr'><strong>samson</strong></span> 
     </span>
    </p>
   </div>
   <div class='ocr_carea' id='block_1_2' title="bbox 174 891 1367 981">
    <p class='ocr_par' dir='ltr' id='par_1_2' title="bbox 174 891 1367 981">
     <span class='ocr_line' id='line_1_2' title="bbox 174 891 1367 981; baseline -0.035 6"><span class='ocrx_word' id='word_1_4' title='bbox 174 902 292 960; x_wconf 46' lang='grc' dir='ltr'><strong>ΝΜ</strong></span> <span class='ocrx_word' id='word_1_5' title='bbox 328 898 461 980; x_wconf 60' lang='lat' dir='ltr'><strong>geretur</strong></span> <span class='ocrx_word' id='word_1_6' title='bbox 486 893 522 957; x_wconf 92' lang='lat' dir='ltr'><strong>in</strong></span> <span class='ocrx_word' id='word_1_7' title='bbox 552 898 730 981; x_wconf 84' lang='lat' dir='ltr'><strong>postorum,</strong></span> <span class='ocrx_word' id='word_1_8' title='bbox 756 913 890 980; x_wconf 85' lang='lat' dir='ltr'><strong>poenam</strong></span> <span class='ocrx_word' id='word_1_9' title='bbox 920 893 1086 959; x_wconf 88' lang='lat' dir='ltr'><strong>limitavit</strong></span> <span class='ocrx_word' id='word_1_10' title='bbox 1118 891 1367 959; x_wconf 63' lang='lat' dir='ltr'><strong>obedientiariis</strong></span> 
     </span>
    </p>
   </div>
   <div class='ocr_carea' id='block_1_3' title="bbox 184 966 1366 1095">
    <p class='ocr_par' dir='ltr' id='par_1_3' title="bbox 184 966 1366 1095">
     <span class='ocr_line' id='line_1_3' title="bbox 184 966 1366 1095; baseline -0.014 -25"><span class='ocrx_word' id='word_1_11' title='bbox 184 966 281 1095; x_wconf 46' lang='lat' dir='ltr'><strong>Am,</strong></span> <span class='ocrx_word' id='word_1_12' title='bbox 327 1017 393 1060; x_wconf 90' lang='lat' dir='ltr'><strong>non</strong></span> <span class='ocrx_word' id='word_1_13' title='bbox 416 996 621 1061; x_wconf 76' lang='lat' dir='ltr'><strong>solventibus</strong></span> <span class='ocrx_word' id='word_1_14' title='bbox 644 996 687 1061; x_wconf 90' lang='lat' dir='ltr'><strong>ad</strong></span> <span class='ocrx_word' id='word_1_15' title='bbox 710 997 869 1062; x_wconf 88' lang='lat' dir='ltr'><strong>terminos</strong></span> <span class='ocrx_word' id='word_1_16' title='bbox 893 996 1067 1064; x_wconf 81' lang='lat' dir='ltr'><strong>Fastorum</strong></span> <span class='ocrx_word' id='word_1_17' title='bbox 1082 994 1217 1062; x_wconf 83' lang='lat' dir='ltr'><strong>Natalis</strong></span> <span class='ocrx_word' id='word_1_18' title='bbox 1240 993 1366 1062; x_wconf 86' lang='lat' dir='ltr'><strong>Domini</strong></span> 
     </span>
    </p>
   </div>
   <div class='ocr_carea' id='block_1_4' title="bbox 175 1097 1368 1289">
    <p class='ocr_par' dir='ltr' id='par_1_4' title="bbox 175 1097 1368 1289">
     <span class='ocr_line' id='line_1_4' title="bbox 202 1097 1368 1186; baseline -0.001 -21"><span class='ocrx_word' id='word_1_19' title='bbox 202 1099 272 1151; x_wconf 60' lang='lat' dir='ltr'><strong>AD·</strong></span> <span class='ocrx_word' id='word_1_20' title='bbox 327 1104 362 1164; x_wconf 87' lang='lat' dir='ltr'><strong>et</strong></span> <span class='ocrx_word' id='word_1_21' title='bbox 384 1097 583 1164; x_wconf 85' lang='lat' dir='ltr'><strong>Nativitatis</strong></span> <span class='ocrx_word' id='word_1_22' title='bbox 606 1097 720 1164; x_wconf 85' lang='lat' dir='ltr'><strong>Sancti</strong></span> <span class='ocrx_word' id='word_1_23' title='bbox 743 1098 907 1165; x_wconf 88' lang='lat' dir='ltr'><strong>Johannis</strong></span> <span class='ocrx_word' id='word_1_24' title='bbox 938 1099 1118 1186; x_wconf 82' lang='lat' dir='ltr'><strong>Baptistae3</strong></span> <span class='ocrx_word' id='word_1_25' title='bbox 1140 1102 1190 1175; x_wconf 89' lang='lat' dir='ltr'><strong>ut,</strong></span> <span class='ocrx_word' id='word_1_26' title='bbox 1212 1097 1368 1172; x_wconf 80' lang='lat' dir='ltr'><strong>videlicet,</strong></span> 
     </span>
     <span class='ocr_line' id='line_1_5' title="bbox 175 1171 1368 1289; baseline -0.003 -22"><span class='ocrx_word' id='word_1_27' title='bbox 175 1171 296 1275; x_wconf 47' lang='lat' dir='ltr'>¹³ff⁵-&#39;⁴⁹&#39;</span> <span class='ocrx_word' id='word_1_28' title='bbox 327 1199 356 1266; x_wconf 90' lang='lat' dir='ltr'><strong>si</strong></span> <span class='ocrx_word' id='word_1_29' title='bbox 377 1201 469 1266; x_wconf 88' lang='lat' dir='ltr'><strong>ultra</strong></span> <span class='ocrx_word' id='word_1_30' title='bbox 492 1201 598 1266; x_wconf 87' lang='lat' dir='ltr'><strong>dictos</strong></span> <span class='ocrx_word' id='word_1_31' title='bbox 627 1201 787 1267; x_wconf 85' lang='lat' dir='ltr'><strong>terminos</strong></span> <span class='ocrx_word' id='word_1_32' title='bbox 816 1223 875 1289; x_wconf 89' lang='lat' dir='ltr'><strong>per</strong></span> <span class='ocrx_word' id='word_1_33' title='bbox 897 1202 1098 1289; x_wconf 78' lang='lat' dir='ltr'><strong>quindenam</strong></span> <span class='ocrx_word' id='word_1_34' title='bbox 1122 1200 1230 1267; x_wconf 85' lang='lat' dir='ltr'><strong>dictas</strong></span> <span class='ocrx_word' id='word_1_35' title='bbox 1252 1199 1368 1267; x_wconf 89' lang='lat' dir='ltr'><strong>contri·</strong></span> 
     </span>
    </p>
   </div>
   <div class='ocr_carea' id='block_1_5' title="bbox 159 1299 1368 1419">
    <p class='ocr_par' dir='ltr' id='par_1_5' title="bbox 159 1299 1368 1419">
     <span class='ocr_line' id='line_1_6' title="bbox 159 1299 1368 1419; baseline 0.003 -54"><span class='ocrx_word' id='word_1_36' title='bbox 159 1299 313 1419; x_wconf 57' lang='lat' dir='ltr'><strong>ffiifflffls</strong></span> <span class='ocrx_word' id='word_1_37' title='bbox 327 1304 481 1368; x_wconf 87' lang='lat' dir='ltr'><strong>butiones</strong></span> <span class='ocrx_word' id='word_1_38' title='bbox 513 1303 683 1369; x_wconf 79' lang='lat' dir='ltr'><strong>diffament</strong></span> <span class='ocrx_word' id='word_1_39' title='bbox 716 1306 851 1383; x_wconf 87' lang='lat' dir='ltr'><strong>solvere,</strong></span> <span class='ocrx_word' id='word_1_40' title='bbox 878 1310 1002 1370; x_wconf 87' lang='lat' dir='ltr'><strong>extunc</strong></span> <span class='ocrx_word' id='word_1_41' title='bbox 1032 1303 1242 1370; x_wconf 85' lang='lat' dir='ltr'><strong>abstinerent</strong></span> <span class='ocrx_word' id='word_1_42' title='bbox 1265 1325 1286 1369; x_wconf 83' lang='lat' dir='ltr'><strong>a</strong></span> <span class='ocrx_word' id='word_1_43' title='bbox 1306 1323 1368 1368; x_wconf 89' lang='lat' dir='ltr'><strong>car·</strong></span> 
     </span>
    </p>
   </div>
   <div class='ocr_carea' id='block_1_6' title="bbox 159 1403 1370 1968">
    <p class='ocr_par' dir='ltr' id='par_1_6' title="bbox 159 1403 1370 1968">
     <span class='ocr_line' id='line_1_7' title="bbox 160 1403 1369 1494; baseline -0.001 -24"><span class='ocrx_word' id='word_1_44' title='bbox 160 1433 288 1486; x_wconf 59' lang='lat' dir='ltr'><strong>,mm</strong></span> <span class='ocrx_word' id='word_1_45' title='bbox 327 1406 436 1485; x_wconf 88' lang='lat' dir='ltr'><strong>nibus,</strong></span> <span class='ocrx_word' id='word_1_46' title='bbox 471 1406 573 1473; x_wconf 88' lang='lat' dir='ltr'><strong>donec</strong></span> <span class='ocrx_word' id='word_1_47' title='bbox 604 1407 699 1494; x_wconf 87' lang='lat' dir='ltr'><strong>plene</strong></span> <span class='ocrx_word' id='word_1_48' title='bbox 734 1407 968 1473; x_wconf 68' lang='lat' dir='ltr'><strong>satisfecissent</strong></span> <span class='ocrx_word' id='word_1_49' title='bbox 994 1408 1035 1473; x_wconf 92' lang='lat' dir='ltr'><strong>de</strong></span> <span class='ocrx_word' id='word_1_50' title='bbox 1066 1406 1199 1472; x_wconf 82' lang='lat' dir='ltr'><strong>eisdem.</strong></span> <span class='ocrx_word' id='word_1_51' title='bbox 1248 1403 1369 1472; x_wconf 84' lang='lat' dir='ltr'><strong>Statuit</strong></span> 
     </span>
     <span class='ocr_line' id='line_1_8' title="bbox 159 1502 1368 1616; baseline -0.002 -42"><span class='ocrx_word' id='word_1_52' title='bbox 159 1502 297 1616; x_wconf 51' lang='lat' dir='ltr'><strong>neumpay·</strong></span> <span class='ocrx_word' id='word_1_53' title='bbox 327 1513 491 1595; x_wconf 71' lang='lat' dir='ltr'><strong>praterea,</strong></span> <span class='ocrx_word' id='word_1_54' title='bbox 523 1513 558 1573; x_wconf 91' lang='lat' dir='ltr'><strong>et</strong></span> <span class='ocrx_word' id='word_1_55' title='bbox 590 1507 768 1589; x_wconf 88' lang='lat' dir='ltr'><strong>ordinavit,</strong></span> <span class='ocrx_word' id='word_1_56' title='bbox 796 1513 835 1574; x_wconf 90' lang='lat' dir='ltr'><strong>ut</strong></span> <span class='ocrx_word' id='word_1_57' title='bbox 857 1509 1050 1574; x_wconf 72' lang='lat' dir='ltr'><strong>distributio</strong></span> <span class='ocrx_word' id='word_1_58' title='bbox 1073 1509 1172 1575; x_wconf 81' lang='lat' dir='ltr'><strong>dictae</strong></span> <span class='ocrx_word' id='word_1_59' title='bbox 1204 1508 1368 1574; x_wconf 89' lang='lat' dir='ltr'><strong>contribu-</strong></span> 
     </span>
     <span class='ocr_line' id='line_1_9' title="bbox 159 1583 1370 1715; baseline 0.002 -40"><span class='ocrx_word' id='word_1_60' title='bbox 159 1583 299 1715; x_wconf 45' lang='grc' dir='ltr'><strong>ἕξω</strong></span> <span class='ocrx_word' id='word_1_61' title='bbox 328 1611 431 1676; x_wconf 89' lang='lat' dir='ltr'><strong>tionis</strong></span> <span class='ocrx_word' id='word_1_62' title='bbox 453 1611 547 1675; x_wconf 85' lang='lat' dir='ltr'><strong>fieret</strong></span> <span class='ocrx_word' id='word_1_63' title='bbox 570 1610 657 1675; x_wconf 87' lang='lat' dir='ltr'><strong>infra</strong></span> <span class='ocrx_word' id='word_1_64' title='bbox 679 1617 746 1676; x_wconf 84' lang='lat' dir='ltr'><strong>tres</strong></span> <span class='ocrx_word' id='word_1_65' title='bbox 769 1610 991 1678; x_wconf 87' lang='lat' dir='ltr'><strong>hebdomadas</strong></span> <span class='ocrx_word' id='word_1_66' title='bbox 1013 1615 1089 1699; x_wconf 89' lang='lat' dir='ltr'><strong>post</strong></span> <span class='ocrx_word' id='word_1_67' title='bbox 1111 1611 1274 1677; x_wconf 83' lang='lat' dir='ltr'><strong>terminos</strong></span> <span class='ocrx_word' id='word_1_68' title='bbox 1295 1631 1370 1697; x_wconf 74' lang='lat' dir='ltr'><strong>pra·</strong></span> 
     </span>
     <span class='ocr_line' id='line_1_10' title="bbox 159 1717 470 1834; baseline -0.019 -54"><span class='ocrx_word' id='word_1_69' title='bbox 159 1717 317 1834; x_wconf 52' lang='lat' dir='ltr'><strong>ffiffidtfor</strong></span> <span class='ocrx_word' id='word_1_70' title='bbox 329 1717 470 1780; x_wconf 84' lang='lat' dir='ltr'><strong>taxatos.</strong></span> 
     </span>
     <span class='ocr_line' id='line_1_11' title="bbox 159 1799 315 1915; baseline 0.006 -17"><span class='ocrx_word' id='word_1_71' title='bbox 159 1799 315 1915; x_wconf 49' lang='lat' dir='ltr'><strong>ingthebon-</strong></span> 
     </span>
     <span class='ocr_line' id='line_1_12' title="bbox 159 1916 297 1968; baseline 0.014 -2"><span class='ocrx_word' id='word_1_72' title='bbox 159 1916 297 1968; x_wconf 80' lang='lat' dir='ltr'><strong>tributions</strong></span> 
     </span>
    </p>
   </div>
   <div class='ocr_carea' id='block_1_7' title="bbox 327 1968 1370 2273">
    <p class='ocr_par' dir='ltr' id='par_1_7' title="bbox 327 1968 1370 2273">
     <span class='ocr_line' id='line_1_13' title="bbox 327 1968 1370 2057; baseline 0.002 -23"><span class='ocrx_word' id='word_1_73' title='bbox 327 1971 375 2034; x_wconf 88' lang='lat' dir='ltr'><strong>De</strong></span> <span class='ocrx_word' id='word_1_74' title='bbox 397 1975 515 2054; x_wconf 69' lang='lat' dir='ltr'><strong>stagno</strong></span> <span class='ocrx_word' id='word_1_75' title='bbox 536 1968 617 2034; x_wconf 84' lang='lat' dir='ltr'><strong>dcto</strong></span> <span class='ocrx_word' id='word_1_76' title='bbox 639 1968 747 2054; x_wconf 79' lang='lat' dir='ltr'><strong>officio</strong></span> <span class='ocrx_word' id='word_1_77' title='bbox 768 1968 981 2055; x_wconf 65' lang='lat' dir='ltr'><strong>Ooqas&#39;awoit</strong></span> <span class='ocrx_word' id='word_1_78' title='bbox 1004 1968 1048 2035; x_wconf 79' lang='lat' dir='ltr'><strong>ia</strong></span> <span class='ocrx_word' id='word_1_79' title='bbox 1068 1969 1370 2057; x_wconf 76' lang='lat' dir='ltr'><strong>recoovpeueotioru</strong></span> 
     </span>
     <span class='ocr_line' id='line_1_14' title="bbox 416 2069 1370 2157; baseline 0.004 -23"><span class='ocrx_word' id='word_1_80' title='bbox 416 2093 483 2156; x_wconf 75' lang='lat' dir='ltr'><strong>pro</strong></span> <span class='ocrx_word' id='word_1_81' title='bbox 509 2077 611 2155; x_wconf 76' lang='lat' dir='ltr'><strong>prato</strong></span> <span class='ocrx_word' id='word_1_82' title='bbox 641 2069 763 2138; x_wconf 65' lang='lat' dir='ltr'><strong>saraa</strong></span> <span class='ocrx_word' id='word_1_83' title='bbox 796 2071 960 2137; x_wconf 69' lang='lat' dir='ltr'><strong>amant</strong></span> <span class='ocrx_word' id='word_1_84' title='bbox 972 2095 986 2149; x_wconf 89' lang='lat'><em>;</em></span> <span class='ocrx_word' id='word_1_85' title='bbox 1020 2079 1050 2137; x_wconf 82' lang='lat' dir='ltr'><strong>et</strong></span> <span class='ocrx_word' id='word_1_86' title='bbox 1088 2071 1128 2137; x_wconf 80' lang='lat' dir='ltr'><strong>de</strong></span> <span class='ocrx_word' id='word_1_87' title='bbox 1156 2070 1370 2157; x_wconf 69' lang='lat' dir='ltr'><strong>reparatione</strong></span> 
     </span>
     <span class='ocr_line' id='line_1_15' title="bbox 416 2173 1126 2273; baseline 0.003 -34"><span class='ocrx_word' id='word_1_88' title='bbox 416 2174 514 2239; x_wconf 71' lang='lat' dir='ltr'><strong>mosi</strong></span> <span class='ocrx_word' id='word_1_89' title='bbox 536 2174 633 2260; x_wconf 80' lang='lat' dir='ltr'><strong>apud</strong></span> <span class='ocrx_word' id='word_1_90' title='bbox 654 2173 862 2273; x_wconf 58' lang='lat' dir='ltr'><strong>Dercetbatc</strong></span> <span class='ocrx_word' id='word_1_91' title='bbox 889 2196 951 2261; x_wconf 75' lang='lat' dir='ltr'><strong>per</strong></span> <span class='ocrx_word' id='word_1_92' title='bbox 974 2175 1126 2241; x_wconf 73' lang='lat' dir='ltr'><strong>caedeba</strong></span> 
     </span>
    </p>
   </div>
   <div class='ocr_carea' id='block_1_8' title="bbox 159 2337 1371 2427">
    <p class='ocr_par' dir='ltr' id='par_1_8' title="bbox 159 2337 1371 2427">
     <span class='ocr_line' id='line_1_16' title="bbox 159 2337 1371 2427; baseline 0.001 -20"><span class='ocrx_word' id='word_1_93' title='bbox 159 2355 263 2422; x_wconf 74' lang='lat' dir='ltr'><strong>Apono</strong></span> <span class='ocrx_word' id='word_1_94' title='bbox 375 2337 459 2404; x_wconf 83' lang='lat' dir='ltr'><strong>Cum</strong></span> <span class='ocrx_word' id='word_1_95' title='bbox 488 2337 638 2403; x_wconf 86' lang='lat' dir='ltr'><strong>Abbates</strong></span> <span class='ocrx_word' id='word_1_96' title='bbox 669 2359 689 2403; x_wconf 92' lang='lat' dir='ltr'><strong>a</strong></span> <span class='ocrx_word' id='word_1_97' title='bbox 718 2343 867 2425; x_wconf 85' lang='lat' dir='ltr'><strong>tempore</strong></span> <span class='ocrx_word' id='word_1_98' title='bbox 891 2339 1060 2425; x_wconf 90' lang='lat' dir='ltr'><strong>quondam</strong></span> <span class='ocrx_word' id='word_1_99' title='bbox 1087 2339 1210 2427; x_wconf 83' lang='lat' dir='ltr'><strong>Rogeri</strong></span> <span class='ocrx_word' id='word_1_100' title='bbox 1233 2341 1371 2408; x_wconf 85' lang='lat' dir='ltr'><strong>Abbatis</strong></span> 
     </span>
    </p>
   </div>
   <div class='ocr_carea' id='block_1_9' title="bbox 159 2423 1372 2554">
    <p class='ocr_par' dir='ltr' id='par_1_9' title="bbox 159 2423 1372 2554">
     <span class='ocr_line' id='line_1_17' title="bbox 159 2423 1372 2554; baseline -0.004 -45"><span class='ocrx_word' id='word_1_101' title='bbox 159 2423 295 2554; x_wconf 46' lang='grc' dir='ltr'><strong>ἓξὲξ</strong></span> <span class='ocrx_word' id='word_1_102' title='bbox 329 2439 548 2505; x_wconf 74' lang='lat' dir='ltr'><strong>detinuissent</strong></span> <span class='ocrx_word' id='word_1_103' title='bbox 570 2448 605 2505; x_wconf 90' lang='lat' dir='ltr'><strong>ct</strong></span> <span class='ocrx_word' id='word_1_104' title='bbox 626 2440 820 2507; x_wconf 78' lang='lat' dir='ltr'><strong>habuissent</strong></span> <span class='ocrx_word' id='word_1_105' title='bbox 835 2442 1001 2528; x_wconf 78' lang='lat' dir='ltr'><strong>quoddam</strong></span> <span class='ocrx_word' id='word_1_106' title='bbox 1022 2446 1166 2528; x_wconf 89' lang='lat' dir='ltr'><strong>pratum,</strong></span> <span class='ocrx_word' id='word_1_107' title='bbox 1188 2443 1244 2508; x_wconf 81' lang='lat' dir='ltr'><strong>vel</strong></span> <span class='ocrx_word' id='word_1_108' title='bbox 1266 2443 1372 2531; x_wconf 84' lang='lat' dir='ltr'><strong>potius</strong></span> 
     </span>
    </p>
   </div>
   <div class='ocr_carea' id='block_1_10' title="bbox 159 2541 1372 2628">
    <p class='ocr_par' dir='ltr' id='par_1_10' title="bbox 159 2541 1372 2628">
     <span class='ocr_line' id='line_1_18' title="bbox 159 2541 1372 2628; baseline 0.007 -23"><span class='ocrx_word' id='word_1_109' title='bbox 159 2556 236 2621; x_wconf 76' lang='lat' dir='ltr'><strong>given</strong></span> <span class='ocrx_word' id='word_1_110' title='bbox 247 2556 281 2620; x_wconf 79' lang='lat' dir='ltr'><strong>by</strong></span> <span class='ocrx_word' id='word_1_111' title='bbox 327 2547 491 2628; x_wconf 84' lang='lat' dir='ltr'><strong>stagnum,</strong></span> <span class='ocrx_word' id='word_1_112' title='bbox 516 2564 590 2606; x_wconf 90' lang='lat' dir='ltr'><strong>cum</strong></span> <span class='ocrx_word' id='word_1_113' title='bbox 613 2541 745 2620; x_wconf 85' lang='lat' dir='ltr'><strong>fossato,</strong></span> <span class='ocrx_word' id='word_1_114' title='bbox 769 2544 824 2608; x_wconf 88' lang='lat' dir='ltr'><strong>vel</strong></span> <span class='ocrx_word' id='word_1_115' title='bbox 845 2543 934 2607; x_wconf 84' lang='lat' dir='ltr'><strong>infra</strong></span> <span class='ocrx_word' id='word_1_116' title='bbox 962 2543 1132 2622; x_wconf 86' lang='lat' dir='ltr'><strong>fossatum,</strong></span> <span class='ocrx_word' id='word_1_117' title='bbox 1153 2542 1274 2610; x_wconf 85' lang='lat' dir='ltr'><strong>Sancti</strong></span> <span class='ocrx_word' id='word_1_118' title='bbox 1297 2545 1372 2613; x_wconf 85' lang='lat' dir='ltr'><strong>Ger·</strong></span> 
     </span>
    </p>
   </div>
   <div class='ocr_carea' id='block_1_11' title="bbox 159 2622 1372 2739">
    <p class='ocr_par' dir='ltr' id='par_1_11' title="bbox 159 2622 1372 2739">
     <span class='ocr_line' id='line_1_19' title="bbox 159 2622 1372 2739; baseline -0.005 -26"><span class='ocrx_word' id='word_1_119' title='bbox 159 2622 268 2739; x_wconf 50' lang='lat' dir='ltr'><strong>§ml</strong></span> <span class='ocrx_word' id='word_1_120' title='bbox 280 2690 306 2738; x_wconf 76' lang='lat' dir='ltr'><strong>to</strong></span> <span class='ocrx_word' id='word_1_121' title='bbox 326 2644 426 2729; x_wconf 86' lang='lat' dir='ltr'><strong>mani,</strong></span> <span class='ocrx_word' id='word_1_122' title='bbox 450 2644 509 2709; x_wconf 89' lang='lat' dir='ltr'><strong>ubi</strong></span> <span class='ocrx_word' id='word_1_123' title='bbox 523 2644 689 2730; x_wconf 89' lang='lat' dir='ltr'><strong>quondam</strong></span> <span class='ocrx_word' id='word_1_124' title='bbox 711 2645 778 2711; x_wconf 85' lang='lat' dir='ltr'><strong>fuit</strong></span> <span class='ocrx_word' id='word_1_125' title='bbox 800 2650 965 2732; x_wconf 82' lang='lat' dir='ltr'><strong>stagnum,</strong></span> <span class='ocrx_word' id='word_1_126' title='bbox 980 2646 1035 2710; x_wconf 86' lang='lat' dir='ltr'><strong>vel</strong></span> <span class='ocrx_word' id='word_1_127' title='bbox 1057 2646 1193 2733; x_wconf 88' lang='lat' dir='ltr'><strong>piscina,</strong></span> <span class='ocrx_word' id='word_1_128' title='bbox 1207 2649 1372 2734; x_wconf 75' lang='lat' dir='ltr'><strong>pertinens</strong></span> 
     </span>
    </p>
   </div>
   <div class='ocr_carea' id='block_1_12' title="bbox 31 2745 1372 2839">
    <p class='ocr_par' dir='ltr' id='par_1_12' title="bbox 31 2745 1372 2839">
     <span class='ocr_line' id='line_1_20' title="bbox 31 2745 1372 2839; baseline 0.008 -33"><span class='ocrx_word' id='word_1_129' title='bbox 31 2793 34 2799; x_wconf 94' lang='lat'>.</span> <span class='ocrx_word' id='word_1_130' title='bbox 159 2751 304 2807; x_wconf 72' lang='lat' dir='ltr'><strong>stemah-</strong></span> <span class='ocrx_word' id='word_1_131' title='bbox 328 2745 433 2811; x_wconf 91' lang='lat' dir='ltr'><strong>officio</strong></span> <span class='ocrx_word' id='word_1_132' title='bbox 461 2746 670 2832; x_wconf 82' lang='lat' dir='ltr'><strong>Ooquinarii3</strong></span> <span class='ocrx_word' id='word_1_133' title='bbox 703 2748 760 2833; x_wconf 92' lang='lat' dir='ltr'><strong>qui</strong></span> <span class='ocrx_word' id='word_1_134' title='bbox 792 2748 890 2826; x_wconf 89' lang='lat' dir='ltr'><strong>locus,</strong></span> <span class='ocrx_word' id='word_1_135' title='bbox 923 2749 992 2814; x_wconf 82' lang='lat' dir='ltr'><strong>sive</strong></span> <span class='ocrx_word' id='word_1_136' title='bbox 1026 2754 1193 2837; x_wconf 83' lang='lat' dir='ltr'><strong>stagnum,</strong></span> <span class='ocrx_word' id='word_1_137' title='bbox 1228 2755 1372 2839; x_wconf 82' lang='lat' dir='ltr'><strong>tempore</strong></span> 
     </span>
    </p>
   </div>
   <div class='ocr_carea' id='block_1_13' title="bbox 159 2821 1371 2952">
    <p class='ocr_par' dir='ltr' id='par_1_13' title="bbox 159 2821 1371 2952">
     <span class='ocr_line' id='line_1_21' title="bbox 159 2821 1371 2952; baseline 0.002 -36"><span class='ocrx_word' id='word_1_138' title='bbox 159 2821 315 2952; x_wconf 55' lang='lat' dir='ltr'><strong>3333,ss</strong></span> <span class='ocrx_word' id='word_1_139' title='bbox 329 2848 470 2926; x_wconf 62' lang='lat' dir='ltr'><strong>asan,</strong></span> <span class='ocrx_word' id='word_1_140' title='bbox 494 2848 639 2914; x_wconf 70' lang='lat' dir='ltr'><strong>assata</strong></span> <span class='ocrx_word' id='word_1_141' title='bbox 671 2850 791 2930; x_wconf 69' lang='lat' dir='ltr'><strong>ultimi,</strong></span> <span class='ocrx_word' id='word_1_142' title='bbox 830 2849 929 2915; x_wconf 73' lang='lat' dir='ltr'><strong>aaa</strong></span> <span class='ocrx_word' id='word_1_143' title='bbox 966 2850 1034 2916; x_wconf 65' lang='lat'>⁸010</span> <span class='ocrx_word' id='word_1_144' title='bbox 1067 2850 1233 2935; x_wconf 72' lang='lat' dir='ltr'><strong>adjacenti</strong></span> <span class='ocrx_word' id='word_1_145' title='bbox 1267 2852 1371 2918; x_wconf 71' lang='lat' dir='ltr'><strong>neat</strong></span> 
     </span>
    </p>
   </div>
   <div class='ocr_carea' id='block_1_14' title="bbox 154 2951 1373 3966">
    <p class='ocr_par' dir='ltr' id='par_1_14' title="bbox 156 2951 1373 3454">
     <span class='ocr_line' id='line_1_22' title="bbox 158 2951 1372 3041; baseline 0.004 -26"><span class='ocrx_word' id='word_1_146' title='bbox 158 2956 264 3006; x_wconf 72' lang='lat' dir='ltr'><strong>another</strong></span> <span class='ocrx_word' id='word_1_147' title='bbox 326 2952 578 3038; x_wconf 87' lang='lat' dir='ltr'><strong>complanatum,</strong></span> <span class='ocrx_word' id='word_1_148' title='bbox 601 2951 714 3017; x_wconf 89' lang='lat' dir='ltr'><strong>volens</strong></span> <span class='ocrx_word' id='word_1_149' title='bbox 737 2952 851 3017; x_wconf 84' lang='lat' dir='ltr'><strong>Abbas</strong></span> <span class='ocrx_word' id='word_1_150' title='bbox 874 2953 1016 3018; x_wconf 89' lang='lat' dir='ltr'><strong>Michael</strong></span> <span class='ocrx_word' id='word_1_151' title='bbox 1038 2953 1174 3018; x_wconf 86' lang='lat' dir='ltr'><strong>reddere</strong></span> <span class='ocrx_word' id='word_1_152' title='bbox 1196 2955 1372 3041; x_wconf 84' lang='lat' dir='ltr'><strong>unicuique</strong></span> 
     </span>
     <span class='ocr_line' id='line_1_23' title="bbox 156 3024 1373 3153; baseline 0.003 -35"><span class='ocrx_word' id='word_1_153' title='bbox 156 3024 291 3153; x_wconf 47' lang='lat' dir='ltr'><strong>&amp;bigog</strong></span> <span class='ocrx_word' id='word_1_154' title='bbox 327 3055 415 3140; x_wconf 90' lang='lat' dir='ltr'><strong>quod</strong></span> <span class='ocrx_word' id='word_1_155' title='bbox 437 3076 533 3120; x_wconf 91' lang='lat' dir='ltr'><strong>suum</strong></span> <span class='ocrx_word' id='word_1_156' title='bbox 556 3059 634 3133; x_wconf 86' lang='lat' dir='ltr'><strong>erat,</strong></span> <span class='ocrx_word' id='word_1_157' title='bbox 659 3059 758 3140; x_wconf 90' lang='lat' dir='ltr'><strong>prout</strong></span> <span class='ocrx_word' id='word_1_158' title='bbox 774 3060 846 3119; x_wconf 88' lang='lat' dir='ltr'><strong>erat</strong></span> <span class='ocrx_word' id='word_1_159' title='bbox 869 3054 974 3120; x_wconf 89' lang='lat' dir='ltr'><strong>cultor</strong></span> <span class='ocrx_word' id='word_1_160' title='bbox 988 3055 1166 3141; x_wconf 83' lang='lat' dir='ltr'><strong>aequitatis,</strong></span> <span class='ocrx_word' id='word_1_161' title='bbox 1190 3062 1226 3122; x_wconf 91' lang='lat' dir='ltr'><strong>et</strong></span> <span class='ocrx_word' id='word_1_162' title='bbox 1249 3065 1373 3124; x_wconf 89' lang='lat' dir='ltr'><strong>amator</strong></span> 
     </span>
     <span class='ocr_line' id='line_1_24' title="bbox 157 3154 1372 3244; baseline 0.006 -24"><span class='ocrx_word' id='word_1_163' title='bbox 157 3154 256 3216; x_wconf 73' lang='lat' dir='ltr'><strong>sotim,</strong></span> <span class='ocrx_word' id='word_1_164' title='bbox 325 3157 414 3243; x_wconf 87' lang='lat' dir='ltr'><strong>pacis</strong></span> <span class='ocrx_word' id='word_1_165' title='bbox 436 3158 543 3244; x_wconf 85' lang='lat' dir='ltr'><strong>gregis</strong></span> <span class='ocrx_word' id='word_1_166' title='bbox 566 3158 625 3235; x_wconf 91' lang='lat' dir='ltr'><strong>sui,</strong></span> <span class='ocrx_word' id='word_1_167' title='bbox 649 3157 810 3222; x_wconf 87' lang='lat' dir='ltr'><strong>concessit</strong></span> <span class='ocrx_word' id='word_1_168' title='bbox 836 3179 895 3242; x_wconf 90' lang='lat' dir='ltr'><strong>pro</strong></span> <span class='ocrx_word' id='word_1_169' title='bbox 919 3179 952 3221; x_wconf 89' lang='lat' dir='ltr'><strong>ss</strong></span> <span class='ocrx_word' id='word_1_170' title='bbox 976 3163 1010 3222; x_wconf 85' lang='lat' dir='ltr'><strong>et</strong></span> <span class='ocrx_word' id='word_1_171' title='bbox 1032 3158 1099 3222; x_wconf 88' lang='lat' dir='ltr'><strong>suis</strong></span> <span class='ocrx_word' id='word_1_172' title='bbox 1129 3161 1372 3239; x_wconf 86' lang='lat' dir='ltr'><strong>successoribus,</strong></span> 
     </span>
     <span class='ocr_line' id='line_1_25' title="bbox 157 3221 1372 3346; baseline 0.007 -25"><span class='ocrx_word' id='word_1_173' title='bbox 157 3221 313 3337; x_wconf 48' lang='lat' dir='ltr'><strong>{why</strong></span> <span class='ocrx_word' id='word_1_174' title='bbox 327 3265 366 3324; x_wconf 92' lang='lat' dir='ltr'><strong>ut</strong></span> <span class='ocrx_word' id='word_1_175' title='bbox 399 3258 626 3345; x_wconf 70' lang='lat' dir='ltr'><strong>coquinarius,</strong></span> <span class='ocrx_word' id='word_1_176' title='bbox 662 3259 720 3346; x_wconf 88' lang='lat' dir='ltr'><strong>qui</strong></span> <span class='ocrx_word' id='word_1_177' title='bbox 753 3280 813 3345; x_wconf 88' lang='lat' dir='ltr'><strong>pro</strong></span> <span class='ocrx_word' id='word_1_178' title='bbox 858 3264 1004 3346; x_wconf 89' lang='lat' dir='ltr'><strong>tempore</strong></span> <span class='ocrx_word' id='word_1_179' title='bbox 1036 3259 1145 3342; x_wconf 84' lang='lat' dir='ltr'><strong>fuerit,</strong></span> <span class='ocrx_word' id='word_1_180' title='bbox 1183 3262 1306 3330; x_wconf 88' lang='lat' dir='ltr'><strong>habeat</strong></span> <span class='ocrx_word' id='word_1_181' title='bbox 1337 3265 1372 3330; x_wconf 90' lang='lat' dir='ltr'><strong>in</strong></span> 
     </span>
     <span class='ocr_line' id='line_1_26' title="bbox 157 3352 1372 3454; baseline 0.007 -30"><span class='ocrx_word' id='word_1_182' title='bbox 157 3352 276 3403; x_wconf 56' lang='lat' dir='ltr'><strong>mm</strong></span> <span class='ocrx_word' id='word_1_183' title='bbox 325 3363 658 3447; x_wconf 82' lang='lat' dir='ltr'><strong>recompensationem</strong></span> <span class='ocrx_word' id='word_1_184' title='bbox 673 3360 757 3425; x_wconf 91' lang='lat' dir='ltr'><strong>dicti</strong></span> <span class='ocrx_word' id='word_1_185' title='bbox 780 3362 898 3447; x_wconf 84' lang='lat' dir='ltr'><strong>stagni,</strong></span> <span class='ocrx_word' id='word_1_186' title='bbox 913 3361 982 3426; x_wconf 84' lang='lat' dir='ltr'><strong>eive</strong></span> <span class='ocrx_word' id='word_1_187' title='bbox 998 3364 1096 3448; x_wconf 87' lang='lat' dir='ltr'><strong>prati,</strong></span> <span class='ocrx_word' id='word_1_188' title='bbox 1118 3364 1202 3428; x_wconf 85' lang='lat' dir='ltr'><strong>illud</strong></span> <span class='ocrx_word' id='word_1_189' title='bbox 1216 3371 1372 3454; x_wconf 84' lang='lat' dir='ltr'><strong>stagnum</strong></span> 
     </span>
    </p>

    <p class='ocr_par' dir='ltr' id='par_1_15' title="bbox 326 3462 1372 3549">
     <span class='ocr_line' id='line_1_27' title="bbox 326 3462 1372 3549; baseline 0.009 -21"><span class='ocrx_word' id='word_1_190' title='bbox 326 3485 369 3528; x_wconf 86' lang='lat' dir='ltr'><strong>ex</strong></span> <span class='ocrx_word' id='word_1_191' title='bbox 401 3469 493 3549; x_wconf 87' lang='lat' dir='ltr'><strong>parte</strong></span> <span class='ocrx_word' id='word_1_192' title='bbox 526 3462 688 3528; x_wconf 89' lang='lat' dir='ltr'><strong>Orientali</strong></span> <span class='ocrx_word' id='word_1_193' title='bbox 711 3486 731 3527; x_wconf 88' lang='lat' dir='ltr'><strong>a</strong></span> <span class='ocrx_word' id='word_1_194' title='bbox 756 3463 890 3542; x_wconf 84' lang='lat' dir='ltr'><strong>fossato,</strong></span> <span class='ocrx_word' id='word_1_195' title='bbox 917 3463 1079 3542; x_wconf 89' lang='lat' dir='ltr'><strong>videlicet,</strong></span> <span class='ocrx_word' id='word_1_196' title='bbox 1103 3466 1256 3534; x_wconf 87' lang='lat' dir='ltr'><strong>braseriae</strong></span> <span class='ocrx_word' id='word_1_197' title='bbox 1290 3469 1372 3536; x_wconf 85' lang='lat' dir='ltr'><strong>Oon-</strong></span> 
     </span>
    </p>

    <p class='ocr_par' dir='ltr' id='par_1_16' title="bbox 154 3566 1372 3966">
     <span class='ocr_line' id='line_1_28' title="bbox 325 3566 1371 3659; baseline 0.006 -28"><span class='ocrx_word' id='word_1_198' title='bbox 325 3571 446 3631; x_wconf 81' lang='lat' dir='ltr'><strong>ventus</strong></span> <span class='ocrx_word' id='word_1_199' title='bbox 468 3588 571 3650; x_wconf 88' lang='lat' dir='ltr'><strong>usquc</strong></span> <span class='ocrx_word' id='word_1_200' title='bbox 594 3567 637 3631; x_wconf 89' lang='lat' dir='ltr'><strong>ad</strong></span> <span class='ocrx_word' id='word_1_201' title='bbox 666 3570 797 3653; x_wconf 91' lang='lat' dir='ltr'><strong>portam</strong></span> <span class='ocrx_word' id='word_1_202' title='bbox 826 3568 866 3631; x_wconf 93' lang='lat' dir='ltr'><strong>de</strong></span> <span class='ocrx_word' id='word_1_203' title='bbox 889 3566 1085 3655; x_wconf 85' lang='lat' dir='ltr'><strong>Demegate,</strong></span> <span class='ocrx_word' id='word_1_204' title='bbox 1111 3590 1186 3633; x_wconf 90' lang='lat' dir='ltr'><strong>oum</strong></span> <span class='ocrx_word' id='word_1_205' title='bbox 1209 3571 1277 3636; x_wconf 88' lang='lat' dir='ltr'><strong>suis</strong></span> <span class='ocrx_word' id='word_1_206' title='bbox 1300 3595 1371 3659; x_wconf 91' lang='lat' dir='ltr'><strong>per-</strong></span> 
     </span>
     <span class='ocr_line' id='line_1_29' title="bbox 157 3668 1371 3762; baseline 0.007 -32"><span class='ocrx_word' id='word_1_207' title='bbox 157 3693 212 3745; x_wconf 65' lang='lat' dir='ltr'><strong>Th,</strong></span> <span class='ocrx_word' id='word_1_208' title='bbox 324 3668 483 3732; x_wconf 82' lang='lat' dir='ltr'><strong>tinentiis.</strong></span> <span class='ocrx_word' id='word_1_209' title='bbox 525 3668 581 3732; x_wconf 84' lang='lat' dir='ltr'><strong>Ita</strong></span> <span class='ocrx_word' id='word_1_210' title='bbox 602 3673 723 3748; x_wconf 88' lang='lat' dir='ltr'><strong>tamen,</strong></span> <span class='ocrx_word' id='word_1_211' title='bbox 759 3673 798 3733; x_wconf 90' lang='lat' dir='ltr'><strong>ut</strong></span> <span class='ocrx_word' id='word_1_212' title='bbox 823 3669 931 3735; x_wconf 89' lang='lat' dir='ltr'><strong>dictus</strong></span> <span class='ocrx_word' id='word_1_213' title='bbox 965 3669 1191 3756; x_wconf 86' lang='lat' dir='ltr'><strong>Coquinarius,</strong></span> <span class='ocrx_word' id='word_1_214' title='bbox 1225 3674 1283 3760; x_wconf 89' lang='lat' dir='ltr'><strong>qui</strong></span> <span class='ocrx_word' id='word_1_215' title='bbox 1313 3696 1371 3762; x_wconf 88' lang='lat' dir='ltr'><strong>pro</strong></span> 
     </span>
     <span class='ocr_line' id='line_1_30' title="bbox 156 3761 1372 3863; baseline 0.003 -25"><span class='ocrx_word' id='word_1_216' title='bbox 156 3761 295 3839; x_wconf 78' lang='lat' dir='ltr'><strong>Kiteheper</strong></span> <span class='ocrx_word' id='word_1_217' title='bbox 325 3776 471 3856; x_wconf 88' lang='lat' dir='ltr'><strong>tempore</strong></span> <span class='ocrx_word' id='word_1_218' title='bbox 487 3769 595 3847; x_wconf 89' lang='lat' dir='ltr'><strong>fuerit,</strong></span> <span class='ocrx_word' id='word_1_219' title='bbox 617 3771 734 3836; x_wconf 90' lang='lat' dir='ltr'><strong>subeat</strong></span> <span class='ocrx_word' id='word_1_220' title='bbox 758 3794 841 3836; x_wconf 86' lang='lat' dir='ltr'><strong>onus</strong></span> <span class='ocrx_word' id='word_1_221' title='bbox 863 3772 950 3836; x_wconf 88' lang='lat' dir='ltr'><strong>muri</strong></span> <span class='ocrx_word' id='word_1_222' title='bbox 973 3773 1116 3838; x_wconf 87' lang='lat' dir='ltr'><strong>faciendi</strong></span> <span class='ocrx_word' id='word_1_223' title='bbox 1130 3798 1151 3838; x_wconf 90' lang='lat' dir='ltr'><strong>a</strong></span> <span class='ocrx_word' id='word_1_224' title='bbox 1165 3774 1256 3840; x_wconf 90' lang='lat' dir='ltr'><strong>dicta</strong></span> <span class='ocrx_word' id='word_1_225' title='bbox 1279 3784 1372 3863; x_wconf 84' lang='lat' dir='ltr'><strong>porta</strong></span> 
     </span>
     <span class='ocr_line' id='line_1_31' title="bbox 154 3836 1371 3966; baseline -0.002 -19"><span class='ocrx_word' id='word_1_226' title='bbox 154 3836 272 3948; x_wconf 57' lang='lat' dir='ltr'><strong>ibereffi</strong></span> <span class='ocrx_word' id='word_1_227' title='bbox 325 3896 429 3959; x_wconf 90' lang='lat' dir='ltr'><strong>usque</strong></span> <span class='ocrx_word' id='word_1_228' title='bbox 459 3872 502 3937; x_wconf 89' lang='lat' dir='ltr'><strong>ad</strong></span> <span class='ocrx_word' id='word_1_229' title='bbox 532 3872 632 3935; x_wconf 87' lang='lat' dir='ltr'><strong>finem</strong></span> <span class='ocrx_word' id='word_1_230' title='bbox 664 3872 745 3936; x_wconf 87' lang='lat' dir='ltr'><strong>dicti</strong></span> <span class='ocrx_word' id='word_1_231' title='bbox 781 3874 877 3954; x_wconf 87' lang='lat' dir='ltr'><strong>muri,</strong></span> <span class='ocrx_word' id='word_1_232' title='bbox 912 3881 1028 3940; x_wconf 90' lang='lat' dir='ltr'><strong>contra</strong></span> <span class='ocrx_word' id='word_1_233' title='bbox 1061 3877 1184 3941; x_wconf 88' lang='lat' dir='ltr'><strong>dietum</strong></span> <span class='ocrx_word' id='word_1_234' title='bbox 1217 3883 1371 3966; x_wconf 86' lang='lat' dir='ltr'><strong>stagnum</strong></span> 
     </span>
    </p>
   </div>
   <div class='ocr_carea' id='block_1_15' title="bbox 155 3963 910 4095">
    <p class='ocr_par' dir='ltr' id='par_1_17' title="bbox 155 3963 910 4095">
     <span class='ocr_line' id='line_1_32' title="bbox 155 3963 910 4095; baseline 0.001 -54"><span class='ocrx_word' id='word_1_235' title='bbox 155 3963 293 4095; x_wconf 45' lang='lat'><strong>2233*</strong></span> <span class='ocrx_word' id='word_1_236' title='bbox 325 3974 537 4062; x_wconf 87' lang='lat' dir='ltr'><strong>respicientis,</strong></span> <span class='ocrx_word' id='word_1_237' title='bbox 561 3973 712 4058; x_wconf 87' lang='lat' dir='ltr'><strong>quotiens</strong></span> <span class='ocrx_word' id='word_1_238' title='bbox 735 3996 816 4061; x_wconf 88' lang='lat' dir='ltr'><strong>opus</strong></span> <span class='ocrx_word' id='word_1_239' title='bbox 838 3977 910 4042; x_wconf 87' lang='lat' dir='ltr'><strong>erit.</strong></span> 
     </span>
    </p>
   </div>
   <div class='ocr_carea' id='block_1_16' title="bbox 354 4221 1358 4410">
    <p class='ocr_par' dir='ltr' id='par_1_18' title="bbox 354 4221 1358 4410">
     <span class='ocr_line' id='line_1_33' title="bbox 354 4221 1340 4328; baseline 0.011 -27"><span class='ocrx_word' id='word_1_240' title='bbox 354 4221 402 4303; x_wconf 83' lang='lat' dir='ltr'><strong>Dc</strong></span> <span class='ocrx_word' id='word_1_241' title='bbox 420 4235 624 4321; x_wconf 74' lang='lat' dir='ltr'><strong>junioribus</strong></span> <span class='ocrx_word' id='word_1_242' title='bbox 646 4237 882 4305; x_wconf 76' lang='lat' dir='ltr'><strong>Sacerdotibus</strong></span> <span class='ocrx_word' id='word_1_243' title='bbox 904 4242 951 4307; x_wconf 85' lang='lat' dir='ltr'><strong>od</strong></span> <span class='ocrx_word' id='word_1_244' title='bbox 973 4242 1113 4308; x_wconf 64' lang='lat' dir='ltr'><strong>musore</strong></span> <span class='ocrx_word' id='word_1_245' title='bbox 1135 4241 1244 4328; x_wconf 68' lang='lat' dir='ltr'><strong>officia</strong></span> <span class='ocrx_word' id='word_1_246' title='bbox 1266 4265 1340 4312; x_wconf 79' lang='lat' dir='ltr'><strong>aaa</strong></span> 
     </span>
     <span class='ocr_line' id='line_1_34' title="bbox 723 4339 1358 4410; baseline 0.02 -5"><span class='ocrx_word' id='word_1_247' title='bbox 723 4339 979 4410; x_wconf 67' lang='lat' dir='ltr'><strong>intabuloadia</strong></span> <span class='ocrx_word' id='word_1_248' title='bbox 1356 4356 1358 4360; x_wconf 65' lang='lat'>&#39;</span> 
     </span>
    </p>
   </div>
   <div class='ocr_carea' id='block_1_17' title="bbox 153 4415 1370 4597">
    <p class='ocr_par' dir='ltr' id='par_1_19' title="bbox 153 4415 1370 4597">
     <span class='ocr_line' id='line_1_35' title="bbox 153 4415 170 4463; baseline 0 0"><span class='ocrx_word' id='word_1_249' title='bbox 153 4415 170 4463; x_wconf 84' lang='grc' dir='ltr'>Ρ</span> 
     </span>
     <span class='ocr_line' id='line_1_36' title="bbox 153 4465 1370 4597; baseline 0.025 -41"><span class='ocrx_word' id='word_1_250' title='bbox 153 4466 221 4594; x_wconf 50' lang='grc' dir='ltr'>ζοροδξ</span> <span class='ocrx_word' id='word_1_251' title='bbox 229 4465 311 4580; x_wconf 52' lang='grc' dir='ltr'><strong>(ἔξω</strong></span> <span class='ocrx_word' id='word_1_252' title='bbox 366 4503 420 4568; x_wconf 88' lang='lat' dir='ltr'><strong>Ad</strong></span> <span class='ocrx_word' id='word_1_253' title='bbox 448 4487 602 4571; x_wconf 84' lang='lat' dir='ltr'><strong>honorem</strong></span> <span class='ocrx_word' id='word_1_254' title='bbox 632 4509 755 4594; x_wconf 84' lang='lat' dir='ltr'><strong>gradus</strong></span> <span class='ocrx_word' id='word_1_255' title='bbox 786 4508 1004 4585; x_wconf 88' lang='lat' dir='ltr'><strong>sacerdotalis,</strong></span> <span class='ocrx_word' id='word_1_256' title='bbox 1034 4510 1087 4575; x_wconf 90' lang='lat' dir='ltr'><strong>vel</strong></span> <span class='ocrx_word' id='word_1_257' title='bbox 1116 4511 1370 4597; x_wconf 73' lang='lat' dir='ltr'><strong>presbyteratus,</strong></span> 
     </span>
    </p>
   </div>
   <div class='ocr_carea' id='block_1_18' title="bbox 153 4597 1371 4725">
    <p class='ocr_par' dir='ltr' id='par_1_20' title="bbox 153 4597 1371 4725">
     <span class='ocr_line' id='line_1_37' title="bbox 153 4597 1371 4725; baseline 0.013 -60"><span class='ocrx_word' id='word_1_258' title='bbox 153 4597 305 4725; x_wconf 48' lang='lat' dir='ltr'><strong>mm</strong></span> <span class='ocrx_word' id='word_1_259' title='bbox 322 4603 376 4671; x_wconf 90' lang='lat' dir='ltr'><strong>hic</strong></span> <span class='ocrx_word' id='word_1_260' title='bbox 397 4606 511 4673; x_wconf 85' lang='lat' dir='ltr'><strong>Abbas</strong></span> <span class='ocrx_word' id='word_1_261' title='bbox 542 4609 702 4675; x_wconf 89' lang='lat' dir='ltr'><strong>intuitum</strong></span> <span class='ocrx_word' id='word_1_262' title='bbox 731 4610 823 4697; x_wconf 87' lang='lat' dir='ltr'><strong>pium</strong></span> <span class='ocrx_word' id='word_1_263' title='bbox 848 4611 1001 4698; x_wconf 78' lang='lat' dir='ltr'><strong>diligens,</strong></span> <span class='ocrx_word' id='word_1_264' title='bbox 1024 4614 1192 4679; x_wconf 87' lang='lat' dir='ltr'><strong>ordinavit</strong></span> <span class='ocrx_word' id='word_1_265' title='bbox 1214 4636 1257 4680; x_wconf 90' lang='lat' dir='ltr'><strong>ne</strong></span> <span class='ocrx_word' id='word_1_266' title='bbox 1275 4615 1371 4701; x_wconf 87' lang='lat' dir='ltr'><strong>juve-</strong></span> 
     </span>
    </p>
   </div>
   <div class='ocr_carea' id='block_1_19' title="bbox 0 0 1524 5452">
    <p class='ocr_par' dir='ltr' id='par_1_21' title="bbox 0 0 1524 5452">
     <span class='ocr_line' id='line_1_38' title="bbox 0 0 1524 5452; baseline 0 0"><span class='ocrx_word' id='word_1_267' title='bbox 0 0 1524 5452; x_wconf 95' lang='lat' dir='ltr'><strong> </strong></span> 
     </span>
    </p>
   </div>
  </div>
 </body>
</html>
