3038 5452
432 673 641 729 uoulsrnun
663 673 785 729 SANOEI
807 675 944 729 ALBANI.

1272 812 1332 862 reth
1371 781 1379 808 '

163 862 243 928 etita
272 862 423 928 cautione
451 862 616 949 juratoria
649 863 691 929 de
722 864 859 930 emenda
887 864 989 950 juxta
1014 865 1209 933 mandatum
1249 876 1345 943 Abbot,

164 965 317 1033 Ecclesiae
343 966 502 1046 facienda,
526 967 670 1033 absolvit
694 987 749 1031 eos
780 989 801 1033 a
831 955 997 1057 praedictis
1028 968 1210 1047 sententiis,
1241 943 1363 1067 laffia

164 1073 303 1135 secretas
325 1070 539 1156 poenitentias
563 1070 609 1135 eis
638 1069 818 1159 imponens,
849 1070 981 1150 scilieet,
1014 1076 1090 1157 post
1117 1071 1210 1158 jura-
1267 1104 1349 1160 -Η

163 1177 310 1237 mentum
333 1173 518 1258 praestitum
542 1172 630 1258 quod
652 1172 693 1236 de
716 1176 832 1238 caetero
858 1172 892 1236 in
910 1172 1073 1238 similibus
1095 1180 1210 1239 contu·
1224 1145 1381 1262 ἕξω

162 1276 298 1341 maciter
319 1297 387 1340 non
410 1281 587 1363 peccarent.
1223 1293 1342 1343 reme·

203 1379 237 1443 Α
269 1400 334 1464 quo
366 1379 419 1443 die
452 1379 576 1466 incepit
608 1379 759 1465 quaedam
792 1379 983 1465 conjuratio,
1008 1377 1141 1459 'immo
1171 1384 1211 1445 ut
1224 1386 1379 1501 ἓοιιερῑησγ

162 1479 290 1545 dicatur
312 1480 431 1559 verius,
454 1479 660 1567 conspiratio,
682 1480 770 1546 inter
793 1482 952 1568 quosdam
974 1481 1015 1546 de
1036 1481 1126 1548 falsis
1147 1481 1211 1550 fra
1224 1455 1321 1585 {m
1329 1520 1371 1572 the

161 1583 267 1648 tribus
290 1588 405 1648 contra
423 1588 548 1648 statum
564 1583 728 1665 Abbatis3
751 1585 948 1671 quibusdam
964 1584 1152 1651 volentibus
1168 1585 1211 1650 ad
1223 1587 1341 1704 fflbffir

161 1685 230 1770 ejus
265 1684 501 1770 depositionem
535 1708 639 1772 agere,
672 1691 807 1773 propter
844 1686 1072 1752 infirmitatem
1101 1689 1209 1774 leprae,
1223 1685 1355 1786 mayor·

161 1809 259 1872 quam
281 1787 390 1874 ipsum
412 1794 621 1854 asseruerunt
642 1788 782 1855 firmiter
813 1789 1007 1868 incurrisse3
1041 1791 1210 1855 nonnullis
1222 1787 1325 1904 {enlm

160 1888 349 1954 volentibus
372 1890 523 1954 ordinare
555 1891 585 1954 ci
608 1895 762 1970 tutorem,
793 1890 867 1955 aliis
889 1890 1103 1956 molientibus
1133 1892 1210 1957 sub·
1223 1870 1322 1984 ,ὦ

154 1991 256 2076 jicere
279 1993 413 2057 domum
437 1999 471 2058 et
502 1993 672 2058 baroniam
707 1993 867 2058 custodiae
901 1991 1010 2079 Regis,
1034 1993 1090 2079 qui
1121 1994 1209 2060 vices
1221 1986 1379 2117 ihirprosifion

160 2115 235 2158 suas
281 2095 379 2158 alicui
418 2095 458 2159 de
495 2095 654 2160 fratribus
698 2096 927 2175 committeret,
967 2094 1024 2179 qui
1061 2096 1208 2161 omnium
1221 2125 1249 2168 to
1260 2119 1330 2185 place

159 2197 276 2262 horum
299 2196 411 2261 fautor
425 2197 571 2262 extabat.
617 2197 672 2262 Ad
695 2196 852 2282 majorem
866 2198 1001 2283 insuper
1024 2197 1208 2315 tumultum
1221 2186 1378 2322 ffiffiy

158 2299 400 2375 concitandum,
415 2298 550 2384 quidam
577 2300 847 2385 conspiraverunt
869 2300 974 2365 eidem
997 2299 1111 2367 tollere
1127 2305 1208 2366 cot1·
1221 2318 1248 2368 in
1260 2320 1303 2370 tho

158 2400 274 2464 dianas
297 2400 458 2486 pitancias
492 2422 575 2479 suas,
598 2423 678 2486 quas
711 2402 850 2487 percipit
880 2400 921 2466 de
951 2401 1091 2488 coquina
1122 2401 1208 2468 Con·
1221 2385 1310 2518 ἓξὲξ

157 2506 287 2566 ventus.
333 2501 410 2588 Ipse
425 2524 505 2567 vero
520 2502 634 2566 Abbas
649 2503 686 2567 in
708 2503 774 2568 hiis
789 2502 949 2580 omnibus,
967 2509 1007 2568 ut
1021 2504 1206 2587 videbatur,
1221 2492 1338 2580 Aliam

158 2625 225 2669 non
248 2608 298 2668 est
321 2604 483 2684 turbatus,
498 2606 569 2670 sive
591 2610 782 2684 commotus,
803 2606 970 2692 proferens
992 2628 1026 2671 ee
1050 2607 1207 2692 quodam·
1220 2586 1360 2705 ffifio'fffl„

157 2706 253 2772 modo
274 2705 519 2771 indifferentem
543 2709 585 2773 ad
615 2708 797 2773 cedendum
819 2707 873 2772 vel
903 2708 1083 2794 regendum
1112 2710 1206 2777 indo-
1220 2720 1330 2783 pisanos

156 2809 276 2874 mitum
298 2809 474 2894 populum3
498 2810 563 2890 sed,
580 2811 666 2874 sicut
686 2809 799 2874 audire
815 2808 1003 2895 frequenter
1017 2816 1205 2897 potuerunt,
1219 2785 1336 2904 {21¹1}ssss

157 2910 215 2995 qui
237 2916 318 2975 tunc
340 2913 496 2997 temporis
519 2912 550 2976 ei
572 2911 749 2976 familiares
770 2916 874 2989 erant,
899 2911 939 2976 de
969 2911 1029 2977 hoc
1060 2915 1203 2978 maxime
1219 2917 1328 2970 kitehen.

156 3013 360 3091 movebatur,
383 3014 470 3099 quod
501 3014 540 3079 de
571 3014 756 3079 mutatione
786 3013 914 3099 praelati
937 3014 1043 3078 multa
1074 3015 1202 3080 contin·
1215 2983 1373 3103 ffiffiffi,
1423 3102 1426 3107 Ι

156 3120 271 3202 gerent
295 3115 465 3201 dispendia
487 3115 563 3180 huic
586 3115 708 3191 domui,
730 3115 759 3178 si
781 3116 827 3179 sic
849 3115 941 3180 foret.
1214 3119 1378 3196 cambden

200 3217 309 3303 Lapsu
343 3223 454 3283 tamen
487 3218 654 3303 temporis,
678 3217 876 3282 monstravit
897 3217 935 3280 in
958 3238 1052 3302 opere
1084 3222 1201 3283 semet-
1213 3184 1327 3314 &⁸¹ss3

154 3320 262 3405 ipsum
294 3324 421 3384 motum
453 3319 561 3398 fuisse,
588 3326 703 3385 contra
737 3319 802 3384 oris
832 3321 883 3382 sui
906 3319 1179 3406 protestationem
1194 3329 1373 3402 3mallyehal-

156 3421 236 3486 dum
252 3422 288 3484 in
312 3421 446 3508 Capella
462 3421 621 3499 Pistoriae,
645 3421 864 3509 praesentibus
880 3422 1007 3487 duobus
1023 3421 1201 3502 Prioribus
1213 3395 1361 3517 iiim}

155 3524 196 3588 de
220 3523 342 3589 Sancto
363 3524 502 3600 Albano,
520 3525 651 3603 scilicet,
671 3533 705 3590 ct
731 3525 937 3602 Thinemuta
953 3530 986 3590 et
1005 3525 1201 3611 quibusdam
1213 3529 1308 3582 niente·

155 3626 227 3691 aliis
252 3627 427 3702 monachis,
443 3647 571 3691 necnon
597 3627 762 3715 aliquibus
786 3626 1006 3705 saecularibus,
1023 3627 1103 3694 fecit
1127 3653 1200 3717 pro·
1214 3596 1352 3717 iffi&

155 3729 359 3796 vocationem
381 3734 497 3794 contra
517 3751 629 3794 omnes
649 3731 721 3795 illos
741 3730 800 3814 qui
824 3736 939 3795 contra
953 3735 1079 3795 statum
1095 3754 1200 3814 suum,
1213 3731 1336 3849 ἓξὲξ)
1357 3810 1371 3848 e

155 3837 189 3896 ct
210 3832 381 3920 privilegia
404 3832 597 3897 Monasterii
619 3833 679 3910 sui,
702 3836 907 3897 attentarent
930 3833 1017 3918 quod
1041 3834 1115 3898 Rex
1145 3858 1284 3928 po·ng
1298 3871 1325 3913 to

154 3941 247 3999 neret
271 3934 437 3999 custodem
461 3935 496 3998 in
517 3934 771 4021 temporalibus3
794 3936 1077 3999 excommunicans
1092 3958 1202 4002 omnes
1214 3929 1345 4060 {wo}

155 4043 189 4102 et
210 4038 363 4123 singulos,
388 4037 445 4122 qui
468 4037 551 4101 clam
581 4037 634 4101 vel
664 4037 780 4123 palam,
803 4037 873 4100 sine
904 4037 974 4123 ejus
1005 4036 1138 4102 licentia
1168 4044 1201 4104 et
1213 4061 1255 4111 the
1267 4068 1361 4129 tempo-

154 4140 326 4204 voluntate
349 4161 510 4226 expressa,
535 4138 719 4224 hujusmodi
744 4138 946 4217 molirentur,
969 4138 1098 4204 eosdem
1128 4162 1200 4227 pro·
1213 4127 1349 4181 ralitimf
1452 4185 1453 4188 ,

155 4242 313 4306 nuncians
336 4244 581 4329 conspiratores.
1212 4194 1321 4313 ihdilon

589 4523 791 4589 ¹ymmoinliS.
