3038 5452
206 1157 266 1208 alth

189 1223 286 1283 Abtot,

200 1289 268 1340 nl).

173 1360 296 1407 1³08·26.

156 1569 288 1620 Narrative

157 1636 298 1699 olthepre·
325 1647 343 1669 ‘⁶

156 1702 228 1752 Vious
237 1717 294 1765 1)ΐο-
325 1730 343 1754 ιι

157 1769 282 1832 ceediugs,
325 1815 344 1838 u

157 1835 250 1885 thede-

155 1901 282 1951 muudsol
325 1898 343 1922 ‘⁴

155 1967 197 2018 the
208 1978 299 2018 towns.
324 1982 343 2005 ιι

155 2035 281 2092 meuaud
325 2067 343 2090 „

156 2101 293 2150 theformal
325 2151 343 2174 u

156 2167 288 2230 protentos

156 2234 198 2283 the
210 2234 277 2283 Con·
324 2233 342 2257 ‘⁶

155 2307 216 2349 vent

154 2365 301 2441 againstthe
323 2400 342 2423 „

154 2447 298 2481 concessiou

155 2498 259 2552 thereof,

154 2563 300 2615 whichhad
324 2567 344 2591 “

154 2632 270 2681 becnex-
325 2650 343 2674 u

156 2697 310 2748 tortcdfrom

155 2764 223 2814 them
232 2765 267 2827 by

156 2832 228 2880 letter
239 2830 303 2880 from
324 2821 342 2844 ‘⁶

153 2896 283 2962 theliing.
323 2904 342 2928 “

691 721 795 770 GFSTA
818 722 981 770 ABBATUM

191 1090 279 1155 ungu,
326 1092 505 1157 Processua
529 1089 717 1169 discentia,
745 1090 933 1177 petitionis,
960 1088 1190 1168 evacuantis,
1217 1099 1248 1157 ct
1276 1090 1371 1159 ¹‹12's-

414 1215 531 1258 sensoa
563 1194 761 1269 Conventus,
785 1215 889 1279 super
919 1191 1129 1259 libertatibus
1149 1191 1371 1280 prusa-iptio,

412 1295 456 1359 ‘in
487 1294 662 1381 publicum
696 1294 852 1379 foe-inum
882 1294 945 1360 aab
974 1295 1204 1361 sulmmoto
1235 1294 1371 1381 publico

413 1396 573 1463 nodutus.

360 1562 379 1586 ‘⁴
400 1563 407 1586 ⁸
419 1558 456 1612 In
468 1559 524 1613 Dei
535 1558 661 1623 nomine,
675 1557 779 1613 Amen.
818 1559 876 1613 Per
887 1576 1017 1628 praeseus
1030 1559 1180 1628 publicum
1192 1561 1369 1616 instrumen-

363 1649 427 1697 tum
445 1643 579 1697 omnibus
597 1649 735 1714 appareat
752 1642 905 1697 manifeste
924 1641 1002 1712 quod
1020 1660 1094 1697 anno
1112 1644 1148 1698 ab
1166 1643 1371 1700 Iuoarnationo

363 1728 481 1781 Domini
500 1728 656 1782 millesimo
675 1727 878 1782 trecentesimo
896 1727 1037 1781 vicesimo
1057 1728 1191 1798 septimo,
1206 1728 1370 1784 Indictiona

363 1811 485 1875 decima,
502 1830 520 1866 a
535 1812 589 1866 Dio
608 1811 813 1866 conversionis
834 1811 933 1865 Sancti
952 1810 1037 1864 Pauli
1055 1829 1147 1881 usque
1167 1812 1204 1867 ad
1222 1812 1369 1867 decimum

363 1902 477 1951 sextum
487 1896 573 1959 diem,
586 1894 737 1965 (videlicet,
749 1896 906 1966 septimum
918 1894 1063 1949 decimum
1076 1895 1225 1951 Kalendas
1235 1896 1369 1967 Aprilis)

372 1980 401 2033 in
426 1997 525 2034 mense
551 1979 662 2041 Martii,
682 1997 782 2033 omncs
801 1979 894 2048 quasi,
922 1986 952 2032 et
977 1978 1096 2048 singuli,
1117 1979 1244 2034 devilia
1270 1979 1368 2035 Sancti

363 2063 479 2127 Albani,
499 2064 587 2118 simul
606 2082 657 2134 per
676 2064 754 2117 vices
774 2063 954 2133 congregati,
973 2069 1011 2123 et,
1032 2070 1066 2117 ut
1084 2063 1180 2134 prima
1198 2064 1274 2119 facie
1287 2064 1368 2120 vide-

362 2147 456 2211 batur,
477 2155 577 2202 contra
595 2146 689 2201 felicis
708 2145 917 2200 recordationis
930 2145 1089 2200 Dominum
1108 2147 1279 2218 Hugonem,
1298 2152 1368 2203 tuuc

362 2231 503 2301 temporis
521 2231 694 2285 Mouasterii
713 2229 748 2283 de
777 2230 882 2284 Sancto
900 2230 1014 2284 Albano
1033 2230 1186 2293 Abbatem,
1208 2232 1368 2303 ipsumque

323 2317 342 2340 “
362 2313 587 2377 Mouasterium,
604 2314 641 2369 ad
659 2314 786 2368 invicem
803 2314 992 2368 cousoederati
1006 2315 1131 2378 fuerunt,
1151 2320 1181 2369 et
1199 2316 1286 2385 quasi
1302 2334 1369 2371 con·

362 2397 483 2468 spirati;
503 2404 622 2470 propter
642 2397 782 2468 quosdam
801 2398 941 2453 articulos
960 2415 1012 2468 per
1030 2399 1271 2454 communitatem
1288 2400 1368 2455 villus

326 2485 346 2507 ‘⁸
367 2480 466 2536 Sancti
484 2481 591 2536 Albani
609 2481 645 2535 ab
663 2482 727 2552 ipso
748 2480 872 2535 Domino
889 2481 1004 2535 Abbate
1016 2482 1132 2552 petitos,
1152 2488 1183 2537 et
1198 2500 1253 2554 per
1270 2482 1369 2554 ipsum

364 2574 394 2620 et
412 2564 574 2621 Consilium
593 2583 678 2620 snum
696 2564 871 2634 denegatos;
892 2582 1018 2634 quorum
1042 2564 1234 2619 articulorum
1250 2571 1367 2622 tenores

360 2648 620 2788 ‘t‘al‘eilddiiiidnitas
646 2731 724 2785 villa
750 2706 855 2784 ‚Sancti
884 2729 992 2783 Albani
1022 2731 1169 2801 supplicat
1197 2730 1308 2787 Abbati
1338 2739 1368 2788 ct

364 2816 548 2871 ‘Conventui
576 2815 653 2886 quod
680 2814 723 2868 cis
749 2813 911 2867 deliberent
935 2813 1051 2868 chartas
1078 2814 1223 2869 libertatis
1253 2833 1364 2877 eorum,

365 2902 492 2972 ‘quibus
512 2900 590 2954 dicta
606 2898 686 2961 villu,
702 2907 730 2950 et
756 2897 888 2965 ejusdem
906 2897 1077 2966 burgenses,
1093 2898 1200 2952 fiebant
1218 2899 1261 2953 ita
1280 2900 1365 2953 liberi

336 2990 343 3012 ‘
362 2987 463 3041 ‘siout
479 2985 593 3053 burgus
612 2990 641 3036 et
658 2982 837 3050 burgensem
864 2980 970 3050 quibus
995 2980 1179 3036 libertatibus
1198 2983 1245 3037 usi
1265 2994 1334 3038 suut
1350 3004 1367 3037 n

323 3072 341 3096 ‘⁸
362 3074 512 3140 ‘tempora
531 3065 717 3121 confectionis
730 3063 874 3118 dictarum
892 3063 1068 3126 chartarum,
1082 3064 1172 3120 donec
1190 3084 1243 3136 per
1254 3067 1366 3122 dictum

323 3156 341 3180 “
364 3153 530 3208 ‘Abbatem
548 3157 578 3205 et
595 3148 839 3220 praedeccssorem
859 3164 945 3199 suum
958 3147 1123 3217 proximum
1142 3150 1258 3204 fueraut
1276 3150 1366 3221 impe-

323 3240 342 3263 “
362 3237 454 3301 ‘diti;
474 3240 650 3289 attestatur
669 3233 747 3286 dicta
764 3230 865 3285 charta
883 3230 1036 3291 libertatis,
1057 3238 1087 3285 et
1105 3232 1224 3301 quidam
1241 3233 1318 3288 libor
1336 3235 1364 3288 in

323 3324 342 3346 ‘⁴
362 3321 517 3374 ‘'Proseria
528 3318 630 3387 Regis,
651 3317 702 3386 qui
720 3322 840 3368 vocatur
858 3312 983 3383 Anglice
1002 3314 1203 3384 ‘Derneedon⁹

359 3405 377 3429 “
399 3407 405 3428 ‘
420 3404 505 3465 Item,
520 3407 654 3472 cliiaerunt
666 3398 744 3469 quod
762 3398 849 3452 liceat
867 3397 909 3451 eis
927 3397 1059 3452 homines
1079 3398 1198 3469 eligere,
1217 3399 1363 3465 videlicet,

323 3491 341 3515 “
363 3491 370 3513 ⁴
384 3487 456 3541 dnos
471 3487 642 3555 burgenses,
657 3484 798 3537 electione
816 3481 941 3551 propria,
956 3481 1081 3535 adeundi
1095 3484 1192 3552 gratia
1203 3483 1241 3537 ad
1253 3484 1364 3539 Parlia·

322 3575 340 3597 “
362 3574 481 3623 ‘menta
510 3568 602 3639 Regis
635 3585 688 3638 pro
719 3566 798 3619 dicta
822 3565 902 3627 villa,
932 3567 1091 3620 secundum
1122 3566 1289 3623 libertatem
1315 3569 1364 3623 alii

322 3657 340 3680 “
362 3653 479 3722 ‘burgo
497 3668 679 3714 concessam,
701 3649 777 3703 sicut
796 3649 842 3702 usi
862 3654 929 3702 sunt
947 3649 1127 3719 temporibus
1146 3653 1312 3708 retroactis.

357 3740 376 3763 “
398 3739 404 3761 ‘
419 3736 505 3798 Item,
521 3733 598 3805 quod
609 3733 697 3787 licent
709 3732 751 3785 cis
764 3731 938 3801 respondere
951 3732 982 3785 in
1001 3731 1020 3786 J
1021 3732 1131 3787 nstitiis
1144 3733 1362 3798 Itinerautibus,

321 3823 341 3848 ‘⁴
363 3825 414 3874 ‘et
431 3818 564 3873 omuibus
590 3817 656 3871 aliis
681 3815 919 3886 inquisitionibus
944 3823 973 3871 et
991 3816 1115 3886 placitis,
1135 3835 1187 3888 per
1212 3818 1364 3876 duodecim

322 3909 340 3933 ‘⁴
362 3904 545 3973 ‘burgenses
575 3899 661 3954 dicim
687 3899 774 3957 villa,
807 3899 870 3953 sine
900 3899 1103 3954 commixtione
1133 3900 1361 3969 forinsecorum

321 3992 340 4015 ‘⁴
360 3988 460 4043 ‘sicut
477 3986 523 4039 usi
543 3989 611 4039 suut
626 3990 756 4053 tempore
775 3988 928 4037 retroacto.

356 4077 375 4101 “
398 4078 404 4100 ‘
419 4074 505 4135 Item,
520 4069 598 4141 qnod
610 4069 703 4122 assisa
715 4069 798 4139 panis
812 4078 841 4123 et
858 4068 1007 4123 ²cervisini
1019 4070 1104 4124 dictoe
1117 4071 1196 4126 villae
1209 4072 1245 4126 de
1258 4080 1363 4130 caeoero

321 4164 339 4186 “
361 4163 434 4230 ‘per
461 4153 614 4209 duodecim
634 4153 797 4222 burgenses
818 4152 931 4221 juratos
957 4153 1155 4220 custodiatur;
1188 4155 1266 4212 sicut
1293 4159 1363 4213 auti·

320 4247 339 4271 ‘⁴
359 4243 481 4313 ‘quitus
499 4239 660 4294 consuevit.

352 4537 356 4564 ¹
371 4534 496 4597 dispunsus
515 4532 539 4578 iu
554 4533 616 4581 MS..
629 4532 672 4578 but
692 4531 816 4578 corrected
899 4530 1019 4576 ²s‹·r1·ini‹'
1032 4529 1056 4576 in
1070 4529 1124 4576 Mb.

317 4616 350 4678 by
362 4629 377 4661 a
390 4614 451 4661 luter
464 4612 539 4660 haud.
