3038 5452
423 736 635 786 uosssrann
658 735 781 785 senen
803 733 938 784 masna
1138 720 1200 783 421

158 921 311 976 “satione
340 920 489 990 praedicta.
537 918 701 974 Residuum
731 935 802 975 vero
831 937 934 975 versus
964 919 1079 974 dicatur
1108 918 1202 990 plane,
1232 915 1356 981 Thomas,

156 1006 303 1075 “pausas
320 1009 420 1059 tamen
437 1003 599 1059 mediocres
623 1004 655 1058 in
678 1003 793 1059 caeteris
815 1003 932 1074 punctis
953 1002 1094 1059 faciendo.
1141 1002 1205 1058 Nec
1245 983 1333 1100 Allgbssgt

155 1089 177 1114 ‘⁴
196 1105 300 1143 versus
319 1106 445 1159 sequens
463 1088 633 1158 aliqualiter
653 1088 821 1160 incipiatur,
835 1087 926 1143 donec
948 1087 1117 1159 praecedens
1140 1104 1206 1157 per·
1258 1087 1341 1167 AD)

156 1173 178 1198 ‘⁴
196 1173 272 1227 fecte
291 1172 481 1237 terminetur;
501 1170 554 1226 sed
572 1171 651 1227 dicto
674 1188 731 1227 uuo
750 1189 849 1236 versu,
872 1172 1007 1242 factaque
1032 1171 1204 1243 pausatione
1236 1185 1363 1239 lats-96.

156 1256 178 1281 ⁴‘
196 1255 328 1327 aliquali,
354 1261 426 1310 tunc
449 1255 570 1310 demum
588 1273 691 1311 versus
717 1255 898 1326 subsequens
924 1255 1091 1327 incipiatur.
1129 1254 1205 1309 Nul-
1249 1273 1316 1289 -

156 1342 177 1366 “
197 1339 244 1396 lus
262 1346 329 1395 ante
342 1340 434 1395 alium
451 1339 611 1411 praecipere
625 1356 816 1411 precurrere,
835 1345 903 1410 post
921 1340 993 1395 alios
1012 1339 1139 1405 trahere,
1153 1345 1206 1394 aut

157 1424 177 1448 ‘⁶
196 1429 337 1493 punctum
354 1429 463 1486 tenere,
482 1427 657 1493 proesumat;
679 1422 731 1478 sed
748 1423 780 1477 in
796 1423 862 1494 ipsa
879 1422 1056 1487 Psalmodia,
1069 1429 1099 1478 et
1115 1421 1205 1478 etiam

156 1509 177 1533 ‘⁴
197 1506 268 1561 dum
295 1507 434 1577 ¹hymnos
461 1506 595 1577 Regulae,
623 1524 676 1561 seu
702 1505 844 1577 quioquid
877 1507 968 1572 aliud,
997 1508 1060 1563 sive
1085 1506 1123 1562 ad
1143 1506 1205 1561 Ho-

155 1593 176 1616 “
195 1608 253 1654 ras,
274 1591 336 1646 sive
360 1591 398 1646 ad
420 1590 538 1655 Missas,
566 1595 693 1655 cantant,
719 1591 750 1644 in
775 1591 917 1647 clausulis
942 1592 1071 1647 invicem
1101 1606 1204 1662 expec-

156 1676 177 1702 “
197 1680 277 1738 tent;
306 1679 342 1729 ut
368 1675 410 1730 sic
437 1691 548 1739 omnes,
577 1675 662 1744 quasi
689 1692 725 1729 ex
750 1692 809 1729 unc
824 1691 886 1728 =ore
913 1674 1011 1729 Deum
1040 1673 1202 1739 laudantes,

156 1763 177 1786 “
198 1759 286 1814 simul
313 1759 454 1831 incipiant
472 1765 561 1830 atque
580 1759 748 1814 terminent.
808 1758 953 1814 Similiter
976 1758 1075 1822 etiam,
1096 1764 1204 1813 caetera

156 1843 295 1898 “omnia
319 1861 384 1914 qnae
412 1843 475 1898 sine
501 1847 570 1897 nota
593 1842 625 1896 in
651 1841 803 1897 Conventu
829 1847 897 1897 sunt
914 1841 1037 1913 agenda,
1057 1858 1128 1897 voce
1146 1858 1206 1895 me·

156 1927 177 1953 “
197 1925 299 1991 diceri,
319 1927 445 1989 baetim,
465 1925 613 1989 distincte,
640 1930 670 1980 et
696 1931 805 1996 aperte,
826 1942 893 1979 cum
911 1925 1132 1997 pausationibus
1158 1925 1207 1979 de·

158 2012 178 2036 ‘⁴
197 2008 278 2074 bitis,
297 2008 451 2080 profundis
469 2008 824 2072 inclinationibus—cum
842 2007 897 2063 hoc
916 2008 1102 2063 observantia
1118 2025 1206 2079 regu-

156 2096 177 2120 “
197 2093 268 2148 laris
286 2093 563 2166 requirit—devote
582 2092 726 2148 dicantur.

195 2177 347 2232 “Fratres
365 2194 445 2240 vero,
465 2177 517 2247 qni
535 2175 643 2230 Divino
660 2175 760 2231 Officio
779 2176 810 2228 in
829 2176 917 2230 choro
932 2193 990 2230 non
1007 2174 1204 2241 interfuerint,

156 2262 178 2289 “
198 2261 295 2332 ipsum
308 2261 442 2317 Officium
455 2259 596 2315 Divinum
615 2266 697 2314 extra
714 2259 844 2323 chorum,
865 2277 932 2314 cum
950 2259 1205 2331 punctuationibus

156 2348 178 2374 “
198 2350 228 2401 et
255 2345 356 2416 pausis
386 2344 503 2407 debitis,
529 2362 564 2399 ac
588 2343 655 2399 aliis
680 2343 844 2398 devotionis
871 2342 974 2412 signis,
1003 2343 1144 2399 fratribus
1175 2331 1206 2398 in

155 2432 175 2456 ‘⁴
195 2429 293 2493 choro,
313 2428 344 2483 in
362 2433 504 2498 quantum
516 2432 647 2497 possunt,
668 2445 700 2481 se
718 2427 941 2490 conformantes,
962 2426 1078 2497 integre
1095 2426 1204 2491 dicant,

155 2515 177 2540 ‘⁴
197 2519 232 2568 ut
249 2513 291 2567 sic
309 2511 448 2583 undique,
469 2511 547 2566 sicut
559 2510 615 2565 Dei
634 2511 730 2576 electi,
744 2510 928 2566 devotionem
945 2510 1080 2576 habeant,
1094 2512 1206 2582 pariter

155 2598 177 2624 ‘⁶
197 2601 228 2651 ct
245 2595 407 2652 ostendant.

193 2683 213 2706 “
227 2680 267 2734 nt
290 2697 327 2734 ne
352 2679 418 2734 istac
445 2679 631 2750 pausationes
652 2679 712 2733 sint
730 2678 773 2734 eis
791 2678 976 2749 aliquatenus
995 2694 1135 2742 onerosae,
1154 2684 1207 2734 aut

154 2767 177 2792 ‘⁶
197 2763 298 2818 orandi
316 2763 468 2834 prolixitas
486 2762 638 2816 fastidium
656 2767 778 2831 generet
795 2762 933 2832 aliquale,
947 2761 1088 2816 nonnulla
1105 2780 1207 2834 super·

155 2850 178 2876 ⁴‘
197 2848 266 2912 flua,
291 2865 345 2918 per
368 2846 553 2901 diversorum
577 2845 798 2915 singularitates
822 2845 999 2908 introducta,
1029 2847 1207 2917 amputanda

155 2935 178 2959 ⁴‘
197 2931 389 2994 decernimus,
404 2937 434 2984 et
445 2929 638 2985 effectualiter
656 2935 857 2999 amputamus;
878 2933 1039 2984 statuentes
1054 2934 1088 2983 ut
1105 2947 1206 2999 preces

155 3018 178 3044 ‘¹
197 3014 269 3069 olim
285 3013 412 3077 usitatae,
433 3013 602 3076 scilicet,-‘
615 3010 779 3083 Ego'dixi,’
799 3012 835 3067 de
857 3019 962 3067 caetero
981 3012 1100 3083 penitus
1121 3014 1206 3068 omit

155 3101 179 3127 ‘⁸
198 3103 314 3163 tantur;
333 3102 364 3151 et
384 3097 415 3151 in
435 3097 493 3151 fine
511 3096 641 3151 omnium
659 3094 808 3150 Horarum
832 3095 1024 3165 regularium,
1050 3094 1152 3150 Prima
1176 3103 1207 3150 st

156 3184 179 3209 “
198 3181 396 3252 Completcrio
426 3179 566 3235 dunusci
593 3178 731 3250 exceptis,
763 3178 850 3234 dictis
881 3179 1041 3233 secundum
1071 3179 1206 3250 regulam

155 3268 177 3293 ‘⁴
198 3263 424 3334 ‘Kyrieleison’
444 3273 474 3318 et
492 3263 629 3319 Oratione
654 3261 817 3327 Dominioa,
836 3262 966 3333 prelatis
996 3260 1134 3333 precibus
1156 3279 1206 3334 pe-

156 3349 277 3404 “nitus
305 3348 432 3412 omissis,
460 3347 525 3403 loco
555 3346 674 3401 illarum
702 3351 843 3416 sequatur
870 3363 923 3417 pro
949 3345 1027 3401 rivis
1054 3364 1206 3413 versus,-

156 3435 177 3461 “
197 3431 324 3487 ‘Salvos
341 3432 388 3486 fac
406 3447 506 3486 servos
520 3437 550 3485 et
561 3429 682 3485 ancillas
701 3435 767 3484 tuas
778 3432 797 3495 ;’
822 3429 927 3484 deinde
939 3447 993 3500 pro
1002 3429 1206 3486 fundatoribus

158 3520 179 3544 “
197 3521 229 3572 et
246 3515 312 3570 aliis
324 3515 528 3579 defunctis,—‘
537 3514 660 3570 Oramus
672 3531 726 3584 pro
739 3513 873 3568 fidelibus
886 3513 1051 3569 defunctis!
1082 3514 1206 3569 Deiinde

158 3604 180 3630 ‘⁶
199 3603 394 3672 aequatum—⁴
405 3598 548 3653 Dominus
578 3597 749 3661 vobiscum,'
772 3603 803 3652 ct
832 3597 971 3653 Collecta.
1010 3598 1058 3653 Ad
1075 3598 1207 3653 Primam

157 3688 180 3714 “
198 3702 278 3748 vero,
298 3688 329 3738 et
355 3682 593 3753 completorium,
613 3698 715 3753 preces
740 3682 835 3737 solitas
862 3688 892 3736 et
918 3683 1034 3738 usitatis
1061 3682 1205 3740 dicautur.

159 3767 456 3837 “Quotienscunque
483 3772 582 3821 autem
606 3765 642 3820 de
668 3766 743 3820 feria
763 3766 854 3821 luerit
884 3765 1048 3831 servitium,
1075 3773 1206 3838 tempore

159 3855 180 3881 “
199 3851 321 3907 Paschae
339 3857 468 3922 excepto,
483 3851 521 3904 ad
533 3849 705 3914 Matutinus,
720 3849 846 3913 Laudes,
861 3855 891 3904 et
908 3868 1008 3905 omnes
1021 3850 1128 3915 Horas,
1148 3856 1205 3905 sta·

158 3938 180 3965 “
198 3936 253 3991 tim
265 3940 332 4007 po'st
342 3952 462 3990 versum
474 3951 528 4004 pro
539 3932 685 3987 defunctis
699 3941 839 4004 sequatur
849 3933 1205 3998 Psalmns,—²‘Miserere

158 4023 179 4048 ‘⁶
200 4019 289 4083 ‘mei,
303 4018 384 4073 Deus
393 4018 411 4073 :’
420 4018 561 4088 finitoque
570 4015 698 4081 Psalmo,
708 4016 868 4072 dicatur-‘
876 4016 1021 4072 Dominus
1030 4016 1204 4080 vobiscum,‘

157 4107 179 4132 ‘⁴
198 4109 230 4159 et
247 4108 387 4174 sequatur
399 4101 540 4157 collecta.
572 4099 707 4169 Reliquis
718 4118 789 4156 vero
802 4101 994 4171 temporibus,
1010 4100 1134 4170 quando,
1149 4099 1205 4154 soi·

158 4190 180 4214 “
199 4187 279 4252 licet,
293 4187 330 4241 de
342 4187 431 4242 Ilestc
440 4186 544 4241 Trium
555 4184 727 4240 Lectionum
740 4186 848 4256 agitur,
859 4184 1055 4240 Psalmus-l‘
1063 4185 1205 4239 Miserere

157 4274 180 4300 “
201 4271 291 4335 ‘mei
311 4269 413 4335 Deus,'
431 4270 548 4341 penitus
567 4268 729 4323 omittatur.

197 4354 350 4410 “Fratres
367 4371 448 4418 vero,
468 4371 536 4408 cum
552 4369 605 4424 per
623 4351 687 4406 loca
704 4351 735 4405 in
754 4352 860 4421 quibus
879 4351 1018 4407 socienda>
1037 4358 1106 4406 sunt
1123 4352 1206 4406 incli-

160 4442 180 4466 “
200 4437 343 4501 nationes,
369 4435 549 4499 transierint,
577 4434 680 4489 devote
708 4440 738 4488 ct
763 4435 905 4504 profundo
931 4441 991 4490 toto
1014 4453 1134 4505 corpore
1162 4435 1204 4491 iu-

194 4651 314 4714 ¹yrapacr
325 4651 352 4700 in
365 4651 420 4701 Me.
685 4647 692 4715 Ι
738 4646 843 4698 ²Psalm
856 4648 881 4699 ll.
911 4699 914 4703 .
