3038 5452
420 707 630 760 monueram
652 709 778 760 saucrr
801 709 939 761 casaur.
1138 694 1206 764 337
1326 691 1330 697 ’

161 905 181 936 “
202 919 278 983 quae
300 896 366 964 fnit
387 920 473 964 uxor
493 898 597 986 ipsius
620 898 758 965 Henrici
783 898 824 964 de
847 898 1001 975 Meltone,
1025 897 1206 991 executori·
1234 898 1354 1015 mffid'

158 1005 177 1035 “
199 999 262 1066 bus
285 1001 477 1067 testamenti
498 1001 602 1088 ipsius
618 1001 764 1074 Henrici,
780 1001 816 1064 in
839 1001 912 1066 vita
929 999 1033 1086 ipsius
1054 998 1203 1086 Agnetis,
1249 1032 1345 1094 AM

160 1110 177 1136 “
199 1122 266 1168 non
281 1102 426 1169 reddidit
440 1127 448 1182 ;
469 1101 552 1169 ¹nec
566 1103 666 1170 etiam
681 1102 846 1169 Willelmo
869 1103 910 1168 de
934 1101 1075 1188 Feryby‚
1090 1107 1130 1166 ut
1144 1101 1205 1167 soli
1259 1099 1326 1150 Au.

159 1211 176 1238 “
199 1205 375 1285 executori,
392 1211 466 1292 post
487 1212 628 1271 mortem
650 1205 754 1292 ipsius
776 1205 925 1291 Agnetis,
949 1226 1017 1270 non
1038 1203 1204 1284 reddidit;
1233 1169 1355 1298 3³³2&

156 1312 175 1341 “
197 1306 255 1372 sed
278 1307 429 1373 denarios
451 1308 522 1374 illos
555 1308 660 1373 eidem
682 1307 849 1373 Willelmo
881 1308 1047 1392 hucusque
1070 1304 1204 1371 reddere

156 1416 174 1444 “
197 1409 409 1488 contradixit,
431 1416 466 1474 et
487 1409 594 1475 adhuc
615 1409 751 1474 reddere
774 1409 989 1488 contradicit3
1011 1407 1099 1472 unde
1122 1406 1205 1473 dicit

156 1516 176 1546 ‘⁸
198 1510 289 1596 quod
303 1511 521 1578 deterioratae
535 1516 594 1592 est,
610 1517 645 1577 et
659 1511 816 1576 damnum
838 1510 949 1590 habet,
965 1511 1008 1575 ad
1022 1509 1204 1577 valentiam

158 1618 178 1648 ‘⁸
200 1612 422 1700 quadraginta
442 1613 607 1679 librarum
668 1614 714 1680 Et
742 1613 820 1678 inde
849 1612 1001 1700 producit
1022 1618 1145 1678 sectam
1174 1619 1204 1677 ct

158 1721 176 1751 “
198 1721 336 1796 eoetmo5
358 1721 392 1781 et
414 1715 540 1802 profert
561 1715 615 1781 hic
636 1716 830 1803 praedictum
860 1716 1028 1801 scriptum,
1052 1715 1115 1780 sub
1144 1735 1202 1779 no-

159 1822 177 1852 “
197 1817 288 1882 mine
310 1817 456 1904 ipsorum
469 1817 612 1883 Abbatis
633 1824 668 1883 et
684 1818 884 1894 Conventus,
900 1816 988 1901 quod
1010 1816 1200 1901 praedictam

160 1926 178 1952 “
198 1940 344 1985 annuam
376 1921 564 2006 pensionem
601 1924 744 1986 testatur
777 1920 814 1983 in
850 1918 954 1983 forma
991 1918 1203 2003 supradicta;

158 2028 175 2054 “
196 2023 289 2108 cujus
312 2023 392 2087 data
414 2029 464 2089 est
487 2022 577 2109 apud
599 2022 757 2088 Sanctum
781 2021 952 2088 Albanum
982 2020 1036 2085 die
1059 2025 1093 2085 et
1115 2041 1202 2083 anno

157 2131 173 2158 ‘⁴
194 2125 391 2210 supradictis
424 2132 456 2191 ct
487 2131 611 2192 coeaera.
667 2123 796 2190 Profert
826 2123 880 2188 hic
912 2123 1012 2188 etiam
1044 2121 1201 2208 quasdem

159 2233 176 2262 “
197 2226 327 2293 litteras
361 2227 636 2307 testamentoriae,
660 2227 721 2292 sub
744 2226 877 2291 nomine
908 2224 1009 2310 ipsius
1041 2223 1201 2305 Henrici;

159 2336 175 2362 “
196 2350 255 2415 per
277 2350 358 2416 quas
373 2331 454 2396 satis
468 2329 574 2416 liquet
597 2329 706 2396 Ouriae
729 2330 837 2415 ipsum
852 2326 1055 2392 Willelmum
1070 2332 1105 2390 et
1117 2347 1202 2412 prae-

157 2438 173 2466 ‘⁶
193 2430 298 2496 fatam
330 2434 497 2518 Agnetem
529 2453 596 2497 esse
628 2436 817 2498 executores
850 2430 960 2516 ipsius,
993 2428 1129 2493 Henrici
1161 2429 1202 2492 de

157 2541 172 2565 ‘¹
196 2532 352 2609 Meltone,
374 2538 409 2599 et
431 2533 551 2599 habere
573 2532 896 2598 administrationem
919 2539 949 2598 et
972 2537 1097 2598 coetcm.

236 2783 447 2871 ‘leopanto
470 2792 500 2851 ct
515 2784 693 2870 judiciam
714 2783 759 2851 ta
777 2782 905 2873 placito
928 2789 1119 2850 camorata.

201 2942 217 2968 “
241 2934 286 3000 Et
308 2935 430 3016 Abbas,
453 2957 512 3023 per
541 2936 719 3001 Ricardum
749 2937 789 3001 de
821 2935 971 3010 Burcote,
993 2937 1198 2999 attornatum
1211 2943 1361 2994 Theatra

156 3040 175 3070 “
198 3057 303 3115 suum,
326 3038 427 3116 venit,
450 3044 486 3103 et
509 3020 747 3126 defendit-sim
768 3043 803 3103 et
825 3036 990 3121 injuriam,
1015 3033 1151 3125 quando*
1168 3010 1368 3138 ctssfflssw

154 3144 173 3172 “
195 3145 320 3205 coetcru.
365 3138 411 3204 Et
433 3161 500 3205 nou
522 3146 632 3227 potest
654 3140 799 3223 dedicere
820 3140 902 3224 quin
931 3138 1125 3224 praedictum
1154 3135 1200 3200 sit
1211 3142 1304 3193 release
1315 3143 1344 3222 of

155 3246 173 3276 ‘⁸
196 3239 321 3305 aarum
351 3241 496 3327 ipsorum
530 3242 673 3308 abacta
706 3247 741 3334 a
775 3241 991 3318 convenam
1028 3239 1085 3304 sed
1119 3208 1367 3302 o101c⁸¹¹⁰¹¹⁰¹ffl

155 3349 172 3376 “
194 3341 283 3427 quod
304 3343 541 3435 ipsauirtpte
553 3346 667 3432 scripti
688 3343 847 3431 praedicti,
867 3349 905 3408 ut
926 3348 1080 3406 executor
1098 3339 1201 3426 ipsius

155 3450 173 3477 “
196 3442 345 3521 Henrici,
367 3446 527 3511 actionem
541 3447 596 3532 ¹ad
618 3446 799 3533 petendum
821 3444 972 3510 debitum
1005 3443 1201 3530 praedictum

156 3550 173 3580 ‘⁴
197 3544 317 3612 habere
333 3569 398 3612 non
413 3548 510 3613 debet
525 3548 560 3612 in
584 3548 645 3614 hac
667 3556 766 3634 parte.
815 3547 902 3626 Quia
916 3545 998 3610 dicit
1020 3544 1109 3631 quod
1131 3545 1202 3630 qui·

156 3654 173 3680 “
195 3646 272 3713 dam
317 3647 502 3714 Willelmus
547 3650 675 3735 Hardy,
713 3650 753 3714 de
791 3647 1058 3734 Wyvelyngham
1100 3647 1201 3731 juxta

155 3755 173 3783 “
196 3747 307 3816 Stowe
330 3749 443 3818 Beatae
467 3752 592 3830 Mariae,
614 3764 648 3817 et
677 3751 797 3838 Agnes,
829 3771 914 3814 uxor
945 3749 1089 3835 ejusdem
1120 3747 1202 3816 Wil-

155 3858 173 3886 “
195 3849 293 3930 lelmi,
316 3853 488 3919 executrix
504 3853 694 3919 testamenti
718 3853 856 3917 Henrici
872 3853 912 3917 de
928 3851 1083 3927 Meltone,
1098 3871 1200 3935 quon·

156 3959 173 3989 “
195 3953 277 4019 dam'
306 3956 371 4021 viri
405 3957 573 4043 praedictae
596 3956 744 4044 Agnetis,
769 3977 828 4042 per
850 3954 1008 4040 scriptum
1032 3974 1137 4030 suum,
1166 3957 1201 4017 et

156 4063 173 4089 “
194 4056 282 4122 idem
305 4058 490 4125 Willelmus
511 4058 552 4124 de
574 4057 721 4145 ³Fyrby,
740 4062 967 4124 concesserunt
988 4078 1022 4121 se
1045 4054 1200 4138 recepisse

156 4166 175 4192 “
197 4166 231 4226 et
253 4160 417 4241 habuisse,
439 4185 498 4250 per
520 4183 637 4228 manus
660 4161 789 4226 Fratris
811 4160 969 4225 willelmi
999 4160 1039 4224 de
1055 4158 1201 4234 Belvero,

155 4268 173 4297 “
192 4262 234 4328 de
268 4264 427 4352 religiosis
449 4264 540 4343 viris,
564 4264 697 4330 Abbate
731 4268 765 4328 et
799 4262 977 4328 Conventa
1004 4259 1046 4324 de
1078 4258 1200 4324 Sancto
1299 4272 1302 4278 “

187 4539 357 4594 manns.
720 4536 912 4602 motinus.

186 4619 440 4686 maanus
