3038 5452
332 694 395 757 156
707 705 815 756 omri
836 705 1000 757 ABBATUM

195 891 283 956 nuga
331 892 582 971 Londonienses,
620 893 814 959 ¹temeraria
855 894 1031 959 abutentes
1074 895 1220 972 audacia,
1266 914 1381 960 omnes

194 959 290 1083 ἒζζξῑ,
331 996 423 1083 regni
445 1017 600 1082 proceres,
624 1002 695 1062 tam
710 998 866 1084 praelatos
889 997 1032 1063 ecclesiae
1048 1019 1149 1083 quam
1171 997 1281 1078 laicos,
1297 1019 1381 1084 qua-

181 1090 301 1208 aial-’ie
332 1121 460 1185 cunque
483 1122 579 1166 causa
595 1101 783 1166 Londonias
806 1101 1017 1181 declinantes,
1033 1101 1107 1166 illos
1129 1123 1188 1187 per
1202 1101 1380 1189 corporalis

204 1256 271 1269 ....
327 1204 508 1288 juramenti
537 1203 705 1269 vinculum
743 1204 979 1283 astrinxerunt,
1013 1204 1084 1269 sive
1121 1205 1280 1281 volentes,
1305 1204 1378 1270 sive

160 1292 488 1409 fflffiffienolentes,
525 1307 633 1371 nescio
661 1327 742 1391 quas
772 1302 964 1370 ²libercates
987 1307 1127 1372 tuendas
1157 1307 1378 1372 comuniter

160 1427 302 1476 townsand
331 1428 406 1473 cum
429 1408 558 1473 eisdem.
609 1407 757 1488 Quorum
780 1413 951 1493 sequentes
974 1409 1171 1495 exemplum,
1189 1409 1377 1491 civitatum,

159 1493 302 1631 ffiffhssh
303 1574 317 1608 e
331 1511 519 1597 burgorum,
549 1517 584 1575 et
612 1511 767 1574 villarum
797 1511 1060 1590 communitates,
1082 1516 1118 1604 qt
1146 1511 1376 1577 irrefrenatam

159 1627 272 1676 violence
283 1625 313 1674 of
329 1619 531 1679 assumentes
560 1613 739 1693 audaciam,
763 1613 893 1679 chartas
930 1617 965 1678 et
999 1614 1177 1694 libertates,
1199 1636 1258 1701 per
1293 1636 1378 1701 quas

160 1693 310 1820 ffigss‘nd
328 1739 409 1802 pure
446 1717 519 1780 fieri
551 1721 685 1802 possent
716 1715 822 1796 liberi,
846 1739 866 1779 a
897 1716 1039 1782 dominis
1064 1717 1132 1782 suis
1158 1740 1216 1804 per
1239 1718 1310 1783 vim
1342 1722 1377 1783 et

159 1835 241 1877 extors
328 1821 522 1886 violentiam
537 1828 732 1907 extorquere
754 1821 958 1889 nitebantur.

159 1895 292 2011 ξξῖᾗῗτ,
373 1924 442 1988 Sub
466 1946 531 2008 quo
561 1931 718 2010 tempore,
749 1924 867 1988 villani
897 1926 937 1990 de
968 1925 1089 1990 Sancto
1119 1926 1262 2003 Albano,
1294 1947 1372 1992 oon·

159 2027 285 2104 tiesfrom·
322 2027 435 2113 jurati,
471 2032 586 2091 contra
607 2026 813 2090 Abbathiam
846 2034 1023 2092 erexerunt
1055 2029 1243 2094 calcaneum
1266 2051 1373 2110 suum,

158 2095 316 2210 ppppppenor
327 2133 403 2216 post
435 2128 571 2193 Festum
611 2127 807 2214 Epiphaniae
845 2129 998 2208 Domini3
1035 2136 1184 2216 petentes
1206 2137 1373 2217 proterve,

160 2253 214 2302 The
222 2253 299 2301 lower
327 2231 459 2309 scilieet,
482 2230 523 2294 ab
547 2231 679 2294 Abbate
702 2236 737 2295 et
760 2231 934 2296 Conventu
965 2233 1124 2317 quasdam
1147 2234 1319 2300 libertates
1341 2240 1376 2300 et

158 2318 578 2436 {lffibgffflconsuetudines
599 2333 752 2398 abusivas
776 2333 842 2397 illis
865 2341 1023 2420 perpetuo
1048 2336 1270 2402 concedendas
1293 2338 1376 2403 libe·

158 2454 265 2530 demand
327 2435 458 2513 raliter3
502 2440 561 2498 aut
583 2435 798 2522 proculdubio
830 2458 884 2501 eas
910 2443 1143 2523 extorquerent
1174 2439 1217 2503 ab
1250 2440 1376 2505 eisdem

158 2528 269 2635 ,ciffis
327 2538 412 2603 illico
435 2538 603 2604 violenter.
672 2538 903 2604 Convenerant
938 2562 1080 2626 namque
1103 2542 1229 2606 decimo
1252 2542 1379 2608 Kalen-

157 2622 314 2730 wimthrdaa
328 2639 386 2705 das
420 2639 593 2704 Februarii
624 2641 794 2706 inferiores
828 2643 929 2718 villae,
956 2641 1039 2729 (non
1070 2645 1140 2708 sine
1162 2644 1378 2711 conniventia

157 2719 313 2770 ofnolenee.
327 2743 496 2830 majorum,
520 2749 559 2807 ut
581 2749 698 2831 expost
720 2743 858 2830 patuit)
880 2767 900 2808 a
929 2745 1057 2809 civibus
1081 2746 1375 2828 Londoniensibus,

158 2847 229 2911 They
244 2845 312 2895 force
325 2846 382 2931 qui
405 2846 531 2911 cunctis
553 2847 646 2933 regni
680 2846 794 2909 incolis
826 2847 1041 2931 perniciosum
1066 2850 1252 2934 exemplum
1276 2851 1374 2915 dede-

157 2913 269 3044 {lffigf
324 2954 409 3029 rant,
443 2956 482 3015 ut
516 2949 696 3042 praefertur,
728 2954 894 3013 sumentes
924 2950 1113 3036 exemplum
1143 2953 1373 3036 perniciosum,

158 3047 284 3162 1¹0⁸itli⁰¹¹to
324 3058 357 3116 et
380 3073 448 3116 sese
471 3056 586 3116 mutuo
609 3051 912 3117 corri'oederaverant
935 3072 993 3134 per
1011 3052 1089 3116 fidei
1108 3061 1370 3120 sacramentum:

153 3131 293 3242 ffinplem,
324 3177 462 3240 quorum
495 3176 651 3219 numerus
685 3154 771 3218 iufra
803 3154 952 3217 triduum
986 3154 1022 3217 in
1057 3159 1190 3219 tantum
1213 3159 1372 3238 excrevit,

157 3249 254 3376 31ξῖεῇ
324 3259 412 3342 quod
444 3279 556 3321 omnes
588 3257 725 3341 majores
763 3256 861 3320 diotre
898 3256 988 3321 villae
1026 3257 1061 3319 in
1099 3279 1211 3322 eorum
1249 3267 1372 3325 sectam

156 3378 304 3442 sympathia
324 3359 454 3444 publice
477 3359 614 3423 transire
647 3356 888 3442 compellerent,
911 3360 1062 3441 quamvis
1098 3359 1222 3424 occulte
1252 3361 1373 3428 favisse

155 3445 272 3570 ἷζξηῖῑὼ
325 3460 516 3523 maluissent
549 3460 679 3533 eisdem,
714 3464 747 3522 ct
780 3465 893 3544 aperte
926 3460 1135 3539 MonosteriO,
1168 3461 1225 3525 sed
1259 3467 1371 3530 tamen

157 3579 240 3627 would
247 3578 310 3627 hare
323 3563 406 3627 ficte.

155 3645 310 3763 {fseffiew
367 3663 501 3740 Deinde,
526 3661 578 3726 die
597 3661 826 3727 Conversionis
850 3664 964 3729 Sancti
986 3665 1091 3746 Pauli,
1106 3673 1312 3732 accesserunt
1327 3671 1370 3734 nd

156 3794 310 3843 Thetowns·
323 3766 487 3830 Abbatem
511 3765 681 3828 duodecim
706 3764 745 3827 do
768 3765 856 3829 villae
888 3768 1075 3852 majoribus,
1100 3769 1291 3854 suppliciter
1314 3793 1370 3836 ex-

154 3861 294 3977 ffiffifiot
324 3875 454 3935 orantes
476 3890 518 3932 ne
548 3867 691 3931 Domino
714 3867 727 3903 ³
748 3869 889 3943 Thomas,
923 3869 1046 3935 Comiti
1081 3872 1288 3950 Lancastriae,
1312 3875 1369 3960 qui

155 4006 278 4044 roscreen
323 3979 403 4038 tunc
440 3993 497 4057 per
535 3969 650 4035 villam
688 3992 801 4035 versus
837 3972 1023 4036 Londonias
1062 3978 1240 4040 transitum
1272 3998 1369 4040 suum

154 4060 300 4190 {flffinsg‘gf
321 4076 408 4153 fecit,
422 4073 521 4159 hujus
544 4072 779 4157 conjurationis
802 4074 1004 4138 mentionem
1020 4077 1148 4152 l’aceret,
1172 4083 1232 4140 aut
1255 4099 1369 4163 quere.

154 4194 232 4309 optlLre
247 4193 307 4241 Earl
320 4179 386 4243 lam
416 4178 593 4263 deponeret
605 4199 613 4254 ;
651 4175 881 4260 promittentes
914 4176 1056 4242 fideliter
1079 4179 1203 4243 adhoc
1234 4202 1268 4244 sc
1299 4203 1368 4245 rem

154 4275 168 4308 0
221 4273 307 4310 anm·
723 4307 732 4310 .

152 4334 195 4376 iel'.

355 4369 361 4400 ¹
375 4370 472 4418 remoris
485 4368 511 4416 in
523 4367 578 4415 MS.
841 4367 846 4436 l
868 4367 994 4416 beboaded
1011 4368 1037 4415 iu
1052 4372 1122 4427 1321,
1135 4369 1182 4418 live
1193 4385 1267 4433 years
1284 4372 1368 4424 before

353 4448 472 4497 ethereas
482 4448 509 4495 in
521 4446 577 4496 MS.
867 4446 924 4495 this.
959 4446 1366 4517 l'robablybisbrotber,Henry,

353 4527 363 4558 ³
375 4528 456 4577 There
465 4527 486 4575 is
498 4526 593 4588 clearly
604 4540 635 4573 au
652 4539 721 4572 error
738 4523 813 4583 bere,
866 4524 888 4573 is
899 4534 989 4574 meunt.

321 4623 347 4655 as
359 4607 469 4675 Thomas
481 4606 541 4655 Eurl
559 4604 589 4652 of
610 4604 744 4655 Lancester
765 4618 814 4653 was
