3038 5452
212 634 215 642 ¹
265 678 331 739 484
658 685 833 736 ceraunis
857 672 916 754 (a)

269 877 286 898 ‘⁶
307 890 372 941 quse
390 870 559 924 multotiens
573 870 690 925 fuerunt
708 869 737 921 in
757 867 835 921 dicto
853 884 955 920 eorum
973 860 1112 936 hospitali
1125 862 1221 917 multo
1238 879 1314 932 pau·

268 959 286 981 ‘⁴
306 956 400 1008 ciores
419 954 537 1025 leprosi,
558 970 645 1023 quarn
672 952 707 1004 de
733 952 815 1005 bonis
833 947 1002 1018 hujusmodi
1020 947 1134 1002 collatis
1152 951 1317 1016 potuerunt

266 1041 284 1064 ‘⁶
305 1055 432 1109 congrue
450 1037 628 1100 sustentari;
656 1034 802 1100 videlicet,
823 1051 897 1088 unus
923 1037 1046 1094 tantum,
1067 1029 1224 1101 aliquando
1241 1028 1314 1087 duo,

267 1125 285 1148 ‘⁴
305 1129 343 1184 et,
363 1129 398 1175 ut
415 1120 615 1183 communiter,
635 1119 750 1174 nonnisi
767 1125 845 1182 tres;
871 1135 905 1171 ac
918 1116 1015 1171 extitit
1031 1114 1141 1169 ibidem
1158 1112 1315 1167 retroactis

267 1210 285 1231 ‘⁶
304 1205 484 1277 temporibus
503 1203 565 1258 Deo
583 1204 680 1257 minus
699 1200 886 1256 landabiliter
909 1199 1104 1261 deservitum
1130 1198 1315 1269 praefataque

267 1293 286 1314 ⁸*
307 1289 381 1343 bona
399 1288 477 1342 ultra
506 1288 694 1358 praefatorum
717 1285 814 1347 unius,
835 1283 968 1349 duorum,
993 1288 1045 1337 aut
1074 1281 1165 1337 trium
1183 1280 1315 1352 leproso-

268 1377 286 1398 “
306 1390 383 1434 rum,
403 1370 643 1426 sustentationem
662 1369 813 1432 restantia,
834 1368 864 1422 in
880 1386 953 1423 usas
976 1365 1122 1421 indebitos
1146 1371 1177 1420 et
1195 1363 1316 1418 damna-

269 1459 286 1480 “
306 1454 381 1508 biles
405 1453 603 1515 vertebantur,
629 1460 659 1506 et
677 1471 695 1506 a
711 1452 917 1506 nonnullorum
942 1456 1150 1521 usurpatorum
1178 1447 1317 1502 manibus

268 1542 286 1564 ‘⁶
307 1537 531 1608 occupabantur,
563 1541 592 1590 et
619 1544 796 1605 occupantur
820 1535 909 1590 etiam
926 1533 1121 1606 inpraesenti,
1149 1530 1318 1602 damnaque

268 1630 286 1653 ‘¹
307 1626 412 1680 exinde
427 1625 485 1681 alia
503 1630 572 1679 snut
590 1631 698 1679 secuto.
739 1624 859 1680 Cultum
871 1624 964 1695 igitur
981 1623 1114 1678 divinum
1131 1637 1256 1691 augere,
1274 1621 1319 1674 in-

269 1712 288 1737 “
309 1709 514 1765 certitudinem
532 1716 592 1764 tam
610 1709 777 1763 damnosam
796 1726 848 1780 per
866 1708 978 1764 ¹certas
997 1716 1028 1762 et
1045 1705 1183 1779 providas
1202 1704 1319 1760 ordina·

269 1794 400 1849 “tiones
428 1793 543 1864 penitus
579 1793 733 1863 extirpare,
765 1810 797 1846 ac
834 1791 967 1862 quaedam
997 1791 1075 1845 circa
1105 1794 1214 1844 statum
1245 1786 1319 1842 dicti
1390 1855 1394 1864 =

270 1882 287 1903 ‘⁴
309 1876 471 1947 Hospitalis
491 1882 521 1930 et
538 1876 669 1945 regimen
689 1875 832 1938 ordinare,
854 1894 918 1945 quie
936 1877 1000 1946 ipsa
1017 1891 1116 1927 rerum
1135 1872 1321 1942 experientia

270 1965 288 1987 ‘⁶
309 1961 395 2016 utilia
413 1961 532 2022 indicat,
553 1960 637 2015 avide
664 1960 823 2031 cupientes,
843 1959 880 2013 ad
908 1959 1032 2030 gloriam
1051 1964 1081 2012 et
1097 1958 1240 2010 honorem
1260 1953 1319 2008 Do·

270 2048 288 2072 ‘¹
308 2046 379 2098 mini
405 2045 497 2098 nostri
517 2044 606 2097 ihesu
625 2042 746 2106 Christi,
765 2043 947 2098 Beatissimae
974 2042 1085 2105 Mariae,
1106 2041 1213 2094 Matris
1245 2056 1317 2101 sum,

270 2133 289 2156 ‘¹
309 2129 468 2183 Beatorum
497 2126 604 2181 Albani
631 2133 662 2181 et
689 2126 809 2190 Juliani,
829 2144 863 2180 ac
892 2127 1022 2180 omnium
1046 2124 1103 2179 Dei
1130 2124 1319 2185 Sanctorum,

273 2216 291 2240 “
309 2228 420 2265 necnon
447 2228 500 2281 pro
518 2210 669 2265 animabus
697 2209 789 2280 Regis
808 2209 879 2264 offe
899 2216 929 2264 et
946 2209 1075 2262 omniurn
1095 2207 1319 2261 benefactorum

271 2298 289 2321 ‘⁴
309 2301 484 2356 nostrorum,
504 2292 634 2364 dictique
661 2293 847 2365 Hospitalis;
879 2311 912 2347 ao
943 2311 994 2362 pro
1024 2292 1103 2345 felici
1135 2296 1216 2345 statu
1247 2290 1318 2345 dicti

270 2382 289 2404 ‘⁸
309 2377 492 2440 Mouasterii,
513 2377 731 2439 monachorum,
752 2378 886 2439 fratrum,
901 2383 931 2430 et
949 2375 1140 2430 servientium
1160 2373 1299 2443 ejusdem
1310 2397 1319 2437 3

270 2465 289 2489 '⁴
309 2461 386 2515 acin
404 2467 516 2530 partem
537 2459 763 2530 supportationis
782 2458 947 2513 debitorum
966 2460 996 2512 in
1015 2457 1121 2528 quibus
1140 2457 1253 2511 nostris
1271 2456 1320 2511 be

269 2547 288 2572 ‘⁶
309 2543 505 2598 nefactoribus
525 2542 714 2613 obligamur;
744 2543 806 2596 haec
832 2560 896 2612 quae
924 2548 1094 2612 sequuntur,
1115 2559 1184 2596 cum
1202 2558 1320 2595 summa

270 2630 289 2654 ‘⁶
309 2626 478 2680 maturitate
496 2626 625 2689 decocta,
644 2626 802 2680 salubriter
820 2626 956 2680 duximus
976 2625 1139 2680 statuenda.
1295 2689 1299 2697 Ι

304 2712 322 2736 “
342 2709 492 2779 Inprimis,
512 2710 726 2764 considerantes
746 2709 833 2780 quod,
851 2718 917 2780 post
939 2710 1055 2781 praefati
1073 2708 1231 2780 hospitalis
1252 2709 1318 2762 fun-

270 2797 289 2820 “
309 2792 456 2848 dationem
469 2799 498 2846 et
509 2791 695 2857 dotationem,
710 2793 781 2848 adeo
794 2801 862 2849 sunt
874 2794 1027 2848 facultates
1045 2794 1139 2863 ipsius
1159 2793 1319 2863 largitione

270 2875 438 2930 “fidelium
463 2882 666 2945 augmentata,
694 2877 771 2948 quod
797 2878 848 2931 vix
874 2895 926 2932 seu
952 2895 1019 2931 raro
1045 2878 1239 2931 inveniuntur
1271 2882 1315 2930 tot

271 2960 417 3030 “leprosi
447 2959 577 3014 volentes
606 2960 698 3013 vitam
728 2960 834 3014 ducere
857 2961 1049 3015 observantiis
1069 2959 1260 3031 ²obligatam,
1282 2960 1318 3015 ad

271 3048 289 3070 ‘⁶
309 3043 421 3098 dictum
439 3043 582 3115 hospitale
600 3053 813 3108 concurrentes,
834 3045 885 3114 qui
910 3046 1006 3116 ipsum
1023 3043 1168 3114 hospitale
1195 3044 1235 3098 ad
1260 3042 1320 3115 pie·

271 3131 288 3154 ‘⁴
310 3146 388 3191 num,
400 3128 484 3196 juxta
502 3128 595 3198 ipsius
608 3128 778 3182 facultatum
791 3129 1013 3199 suppetentiam,
1026 3128 1145 3182 valeant
1157 3145 1318 3198 occupare;

271 3216 289 3237 ⁴‘
310 3212 479 3281 possintque
511 3211 609 3281 plures
644 3229 731 3282 quam
766 3221 825 3266 tres
860 3212 977 3282 leprosi,
1017 3229 1050 3266 ao
1084 3213 1174 3267 etiam
1205 3219 1316 3281 praeter

272 3299 289 3321 “
310 3313 359 3349 eos
390 3295 480 3365 aliqui
512 3295 684 3359 sacerdotes,
718 3295 745 3349 in
776 3294 993 3365 ampliationem
1022 3295 1118 3349 cultus
1150 3295 1253 3357 divini,
1280 3294 1317 3347 de

272 3382 289 3404 ‘⁶
311 3379 393 3433 bonis
413 3378 483 3432 dicti
504 3378 657 3449 hospitalis
676 3396 803 3448 congrue
823 3380 997 3443 sustentari;
1024 3397 1076 3450 per
1105 3396 1178 3448 quos
1198 3377 1317 3448 quidem

272 3466 289 3486 ‘⁴
311 3462 476 3515 sacerdotes
495 3479 563 3532 pars
581 3462 665 3516 nobis
684 3463 781 3517 oneris
809 3463 1014 3525 incumbentis,
1034 3464 1065 3516 in
1090 3462 1176 3531 cujus
1196 3479 1318 3533 suppor-

272 3547 289 3568 “
310 3545 447 3597 tationem
478 3545 588 3598 dictum
618 3546 770 3615 hospitale,
803 3552 837 3601 nt
865 3546 1043 3618 praedicitur,
1076 3554 1122 3600 est
1152 3545 1317 3606 fundatum,

270 3631 288 3654 ‘⁴
308 3628 415 3697 poterit
434 3629 651 3683 convenientius
671 3630 858 3699 supportari;
888 3649 956 3684 cnm
974 3648 1025 3684 nos
1044 3631 1102 3700 ipsi
1121 3629 1222 3683 divina
1242 3629 1318 3683 cele·

272 3713 290 3735 ‘⁶
311 3710 397 3762 brare
431 3726 482 3779 pro
514 3711 621 3765 nostris
656 3712 888 3768 benefactoribus
918 3721 1077 3775 teneamur,
1106 3711 1318 3766 deliberatione

273 3797 291 3820 ‘⁶
311 3811 378 3848 cum
405 3797 503 3846 nostro
530 3793 688 3856 Conventu,
715 3802 745 3848 et
769 3797 856 3850 etism
883 3797 1034 3851 nobiscnm
1064 3797 1227 3867 praehabita
1252 3794 1319 3849 dili·

273 3881 292 3905 ⁴⁴
312 3877 402 3948 genti,
423 3877 606 3932 decrevimus
625 3886 655 3932 et
674 3879 830 3934 statuimus
849 3881 903 3935 hac
921 3887 1021 3935 nostra
1039 3879 1231 3941 ordinatione,
1251 3897 1319 3949 per·

273 3966 291 3988 “
310 3968 396 4033 petus
427 3961 575 4024 duratura,
596 3962 673 4032 quod
701 3962 731 4015 in
761 3964 839 4018 dicto
865 3964 1004 4034 hospitali
1022 3981 1071 4018 ser
1089 3970 1232 4034 perpetuo
1258 3963 1321 4017 sint

274 4049 292 4071 “
312 4045 430 4116 leprosi,
458 4062 589 4099 seorsum
621 4062 638 4098 a
665 4047 753 4105 sanis,
784 4053 903 4117 propter
930 4047 1112 4117 contagionis
1138 4046 1317 4117 periculum,

274 4132 292 4155 “
312 4129 483 4184 habitantes.
522 4128 608 4183 Circa
627 4147 751 4198 quorum
763 4132 969 4202 receptionem,
984 4149 1018 4185 ea
1030 4149 1095 4201 quae
1107 4131 1233 4185 inferius
1251 4130 1320 4184 sub-

274 4215 292 4237 “
313 4220 474 4281 sequuntur
493 4211 700 4266 inviolabiliter
718 4213 876 4278 observari,
906 4222 936 4268 et
961 4214 1078 4268 eosdem
1106 4215 1161 4268 sub
1186 4215 1319 4284 antiquis

273 4296 510 4366 “infrascriptis
540 4296 733 4351 observantiis
764 4298 873 4361 vivere,
908 4299 985 4353 sicut
1014 4299 1107 4368 prius,
1131 4299 1234 4368 eisque
1263 4315 1320 4368 pro

304 4517 310 4546 ¹
323 4525 406 4565 curtas
418 4516 443 4566 iu
455 4518 511 4568 ΜΞ.
536 4518 656 4569 Claudius
667 4519 697 4568 E.
710 4518 744 4568 iv.
756 4540 763 4577 ς
847 4519 994 4586 ²olli9atnm
1006 4522 1032 4570 iu
1044 4521 1100 4571 MS.
1114 4520 1182 4571 Nero
1192 4520 1249 4571 itt

270 4599 395 4647 corrected
408 4597 472 4648 from
483 4598 538 4648 MS.
548 4598 617 4648 Nero
628 4599 661 4650 D.
672 4599 687 4646 i.
