<?xml version="1.0" encoding="UTF-8"?>
<!DOCTYPE html PUBLIC "-//W3C//DTD XHTML 1.0 Transitional//EN"
    "http://www.w3.org/TR/xhtml1/DTD/xhtml1-transitional.dtd">
<html xmlns="http://www.w3.org/1999/xhtml" xml:lang="en" lang="en">
 <head>
  <title>
</title>
<meta http-equiv="Content-Type" content="text/html;charset=utf-8" />
  <meta name='ocr-system' content='tesseract 3.04.00' />
  <meta name='ocr-capabilities' content='ocr_page ocr_carea ocr_par ocr_line ocrx_word'/>
</head>
<body>
  <div class='ocr_page' id='page_1' title='image "./gestaabbatummon00parigoog_0177.png"; bbox 0 0 3038 5452; ppageno 0'>
   <div class='ocr_carea' id='block_1_1' title="bbox 299 679 966 741">
    <p class='ocr_par' dir='ltr' id='par_1_1' title="bbox 299 679 966 741">
     <span class='ocr_line' id='line_1_1' title="bbox 299 679 966 741; baseline -0.007 0"><span class='ocrx_word' id='word_1_1' title='bbox 299 679 363 741; x_wconf 77' lang='lat'><strong>146</strong></span> <span class='ocrx_word' id='word_1_2' title='bbox 677 687 783 736; x_wconf 80' lang='lat' dir='ltr'><strong>sasrs</strong></span> <span class='ocrx_word' id='word_1_3' title='bbox 804 684 966 736; x_wconf 74' lang='lat' dir='ltr'><strong>summm</strong></span> 
     </span>
    </p>
   </div>
   <div class='ocr_carea' id='block_1_2' title="bbox 152 871 1350 1204">
    <p class='ocr_par' dir='ltr' id='par_1_2' title="bbox 152 871 1350 1204">
     <span class='ocr_line' id='line_1_2' title="bbox 165 871 1349 952; baseline 0 -20"><span class='ocrx_word' id='word_1_4' title='bbox 165 873 192 923; x_wconf 79' lang='grc' dir='ltr'>Η</span> <span class='ocrx_word' id='word_1_5' title='bbox 227 871 254 932; x_wconf 68' lang='lat' dir='ltr'><strong>h,</strong></span> <span class='ocrx_word' id='word_1_6' title='bbox 302 881 472 952; x_wconf 84' lang='lat' dir='ltr'><strong>“ejusdem</strong></span> <span class='ocrx_word' id='word_1_7' title='bbox 496 882 553 936; x_wconf 90' lang='lat' dir='ltr'><strong>loci</strong></span> <span class='ocrx_word' id='word_1_8' title='bbox 576 881 755 941; x_wconf 78' lang='lat' dir='ltr'>Conventus,</span> <span class='ocrx_word' id='word_1_9' title='bbox 780 878 899 932; x_wconf 79' lang='lat' dir='ltr'>Ordinis</span> <span class='ocrx_word' id='word_1_10' title='bbox 924 876 1023 931; x_wconf 65' lang='lat' dir='ltr'><strong>Sancti</strong></span> <span class='ocrx_word' id='word_1_11' title='bbox 1047 876 1211 937; x_wconf 74' lang='lat' dir='ltr'><strong>Benedicti.</strong></span> <span class='ocrx_word' id='word_1_12' title='bbox 1236 876 1349 932; x_wconf 85' lang='lat' dir='ltr'><strong>North·</strong></span> 
     </span>
     <span class='ocr_line' id='line_1_3' title="bbox 159 942 1350 1055; baseline -0.003 -34"><span class='ocrx_word' id='word_1_13' title='bbox 159 942 248 1055; x_wconf 47' lang='lat' dir='ltr'><strong>ssgbot</strong></span> <span class='ocrx_word' id='word_1_14' title='bbox 303 967 473 1021; x_wconf 77' lang='lat' dir='ltr'><strong>“nicensis</strong></span> <span class='ocrx_word' id='word_1_15' title='bbox 497 965 649 1027; x_wconf 83' lang='lat' dir='ltr'><strong>Dioecesia,</strong></span> <span class='ocrx_word' id='word_1_16' title='bbox 669 963 707 1017; x_wconf 90' lang='lat' dir='ltr'><strong>ad</strong></span> <span class='ocrx_word' id='word_1_17' title='bbox 727 962 871 1018; x_wconf 79' lang='lat' dir='ltr'><strong>Abbatem</strong></span> <span class='ocrx_word' id='word_1_18' title='bbox 891 968 921 1015; x_wconf 91' lang='lat' dir='ltr'><strong>et</strong></span> <span class='ocrx_word' id='word_1_19' title='bbox 939 960 1151 1015; x_wconf 86' lang='lat' dir='ltr'><strong>Mouasterium</strong></span> <span class='ocrx_word' id='word_1_20' title='bbox 1173 960 1277 1016; x_wconf 77' lang='lat' dir='ltr'><strong>Sancti</strong></span> <span class='ocrx_word' id='word_1_21' title='bbox 1297 960 1350 1017; x_wconf 79' lang='lat' dir='ltr'><strong>Al·</strong></span> 
     </span>
     <span class='ocr_line' id='line_1_4' title="bbox 176 1042 1349 1121; baseline -0.002 -19"><span class='ocrx_word' id='word_1_22' title='bbox 176 1042 256 1121; x_wconf 50' lang='lat' dir='ltr'><strong>gu&#39;</strong></span> <span class='ocrx_word' id='word_1_23' title='bbox 304 1052 322 1076; x_wconf 86' lang='lat'><em>“</em></span> <span class='ocrx_word' id='word_1_24' title='bbox 343 1051 409 1104; x_wconf 88' lang='lat' dir='ltr'><strong>bani</strong></span> <span class='ocrx_word' id='word_1_25' title='bbox 428 1050 594 1104; x_wconf 88' lang='lat' dir='ltr'><strong>immediate</strong></span> <span class='ocrx_word' id='word_1_26' title='bbox 616 1049 804 1120; x_wconf 77' lang='lat' dir='ltr'><strong>pertinentes,</strong></span> <span class='ocrx_word' id='word_1_27' title='bbox 824 1064 891 1100; x_wconf 89' lang='lat' dir='ltr'><strong>eum</strong></span> <span class='ocrx_word' id='word_1_28' title='bbox 916 1045 1041 1099; x_wconf 85' lang='lat' dir='ltr'><strong>ecelesia</strong></span> <span class='ocrx_word' id='word_1_29' title='bbox 1067 1063 1128 1107; x_wconf 85' lang='lat' dir='ltr'><strong>sua,</strong></span> <span class='ocrx_word' id='word_1_30' title='bbox 1155 1052 1185 1100; x_wconf 89' lang='lat' dir='ltr'><strong>et</strong></span> <span class='ocrx_word' id='word_1_31' title='bbox 1211 1044 1349 1101; x_wconf 86' lang='lat' dir='ltr'><strong>omnibus</strong></span> 
     </span>
     <span class='ocr_line' id='line_1_5' title="bbox 152 1128 1350 1204; baseline -0.002 -18"><span class='ocrx_word' id='word_1_32' title='bbox 152 1142 272 1187; x_wconf 73' lang='lat' dir='ltr'><strong>laoa-nt</strong></span> <span class='ocrx_word' id='word_1_33' title='bbox 303 1135 480 1189; x_wconf 86' lang='lat' dir='ltr'><strong>“membris</strong></span> <span class='ocrx_word' id='word_1_34' title='bbox 507 1151 540 1188; x_wconf 87' lang='lat' dir='ltr'><strong>ao</strong></span> <span class='ocrx_word' id='word_1_35' title='bbox 567 1132 752 1204; x_wconf 79' lang='lat' dir='ltr'><strong>pertinentiis</strong></span> <span class='ocrx_word' id='word_1_36' title='bbox 778 1131 849 1194; x_wconf 85' lang='lat' dir='ltr'><strong>suis,</strong></span> <span class='ocrx_word' id='word_1_37' title='bbox 879 1129 1003 1184; x_wconf 75' lang='lat' dir='ltr'><strong>salntem</strong></span> <span class='ocrx_word' id='word_1_38' title='bbox 1030 1129 1061 1183; x_wconf 90' lang='lat' dir='ltr'><strong>in</strong></span> <span class='ocrx_word' id='word_1_39' title='bbox 1087 1128 1223 1183; x_wconf 89' lang='lat' dir='ltr'><strong>Domino.</strong></span> <span class='ocrx_word' id='word_1_40' title='bbox 1264 1129 1350 1184; x_wconf 85' lang='lat' dir='ltr'><strong>Inter</strong></span> 
     </span>
    </p>
   </div>
   <div class='ocr_carea' id='block_1_3' title="bbox 178 1211 1347 1288">
    <p class='ocr_par' dir='ltr' id='par_1_3' title="bbox 178 1211 1347 1288">
     <span class='ocr_line' id='line_1_6' title="bbox 178 1211 1347 1288; baseline 0.009 -21"><span class='ocrx_word' id='word_1_41' title='bbox 178 1231 244 1242; x_wconf 90' lang='grc'>····</span> <span class='ocrx_word' id='word_1_42' title='bbox 303 1223 321 1243; x_wconf 90' lang='grc'>“</span> <span class='ocrx_word' id='word_1_43' title='bbox 341 1219 400 1272; x_wconf 88' lang='lat' dir='ltr'><strong>alia</strong></span> <span class='ocrx_word' id='word_1_44' title='bbox 426 1217 558 1288; x_wconf 84' lang='lat' dir='ltr'><strong>speciosa</strong></span> <span class='ocrx_word' id='word_1_45' title='bbox 584 1217 691 1288; x_wconf 83' lang='lat' dir='ltr'><strong>quibus</strong></span> <span class='ocrx_word' id='word_1_46' title='bbox 715 1214 852 1284; x_wconf 85' lang='lat' dir='ltr'><strong>religioni</strong></span> <span class='ocrx_word' id='word_1_47' title='bbox 876 1231 1008 1284; x_wconf 76' lang='lat' dir='ltr'><strong>peraonae</strong></span> <span class='ocrx_word' id='word_1_48' title='bbox 1029 1211 1134 1267; x_wconf 64' lang='lat' dir='ltr'><strong>dodillo</strong></span> <span class='ocrx_word' id='word_1_49' title='bbox 1159 1212 1347 1278; x_wconf 65' lang='lat' dir='ltr'><strong>decomliffl‘t</strong></span> 
     </span>
    </p>
   </div>
   <div class='ocr_carea' id='block_1_4' title="bbox 298 1296 1350 4390">
    <p class='ocr_par' dir='ltr' id='par_1_4' title="bbox 298 1296 1350 4390">
     <span class='ocr_line' id='line_1_7' title="bbox 302 1296 1350 1372; baseline -0.003 -17"><span class='ocrx_word' id='word_1_50' title='bbox 302 1306 321 1327; x_wconf 93' lang='lat'>“</span> <span class='ocrx_word' id='word_1_51' title='bbox 340 1302 414 1356; x_wconf 90' lang='lat' dir='ltr'><strong>illud</strong></span> <span class='ocrx_word' id='word_1_52' title='bbox 431 1303 571 1356; x_wconf 87' lang='lat' dir='ltr'><strong>nimirum</strong></span> <span class='ocrx_word' id='word_1_53' title='bbox 587 1302 671 1372; x_wconf 88' lang='lat' dir='ltr'><strong>quasi</strong></span> <span class='ocrx_word' id='word_1_54' title='bbox 689 1317 742 1371; x_wconf 80' lang='lat' dir='ltr'><strong>per</strong></span> <span class='ocrx_word' id='word_1_55' title='bbox 754 1298 956 1353; x_wconf 86' lang='lat' dir='ltr'><strong>excellentiam</strong></span> <span class='ocrx_word' id='word_1_56' title='bbox 974 1315 1024 1352; x_wconf 84' lang='lat' dir='ltr'><strong>eas</strong></span> <span class='ocrx_word' id='word_1_57' title='bbox 1035 1304 1182 1360; x_wconf 80' lang='lat' dir='ltr'><strong>venustat,</strong></span> <span class='ocrx_word' id='word_1_58' title='bbox 1195 1296 1277 1367; x_wconf 89' lang='lat' dir='ltr'><strong>quod</strong></span> <span class='ocrx_word' id='word_1_59' title='bbox 1292 1316 1350 1369; x_wconf 82' lang='lat' dir='ltr'><strong>pax</strong></span> 
     </span>
     <span class='ocr_line' id='line_1_8' title="bbox 302 1381 1349 1456; baseline -0.004 -16"><span class='ocrx_word' id='word_1_60' title='bbox 302 1389 320 1413; x_wconf 88' lang='lat'><em>“</em></span> <span class='ocrx_word' id='word_1_61' title='bbox 341 1386 432 1440; x_wconf 82' lang='lat' dir='ltr'><strong>liuter</strong></span> <span class='ocrx_word' id='word_1_62' title='bbox 456 1404 515 1448; x_wconf 84' lang='lat' dir='ltr'><strong>eas,</strong></span> <span class='ocrx_word' id='word_1_63' title='bbox 541 1404 606 1456; x_wconf 80' lang='lat' dir='ltr'><strong>quae</strong></span> <span class='ocrx_word' id='word_1_64' title='bbox 629 1384 826 1455; x_wconf 75' lang='lat' dir='ltr'><strong>principatum</strong></span> <span class='ocrx_word' id='word_1_65' title='bbox 849 1388 931 1437; x_wconf 88' lang='lat' dir='ltr'><strong>tenet</strong></span> <span class='ocrx_word' id='word_1_66' title='bbox 949 1382 980 1435; x_wconf 92' lang='lat' dir='ltr'><strong>in</strong></span> <span class='ocrx_word' id='word_1_67' title='bbox 997 1382 1052 1436; x_wconf 88' lang='lat' dir='ltr'><strong>hoo</strong></span> <span class='ocrx_word' id='word_1_68' title='bbox 1077 1381 1198 1446; x_wconf 88' lang='lat' dir='ltr'><strong>mundo,</strong></span> <span class='ocrx_word' id='word_1_69' title='bbox 1226 1388 1258 1437; x_wconf 87' lang='lat' dir='ltr'><strong>et</strong></span> <span class='ocrx_word' id='word_1_70' title='bbox 1281 1400 1349 1453; x_wconf 78' lang='lat' dir='ltr'><strong>qma</strong></span> 
     </span>
     <span class='ocr_line' id='line_1_9' title="bbox 301 1465 1347 1540; baseline -0.002 -16"><span class='ocrx_word' id='word_1_71' title='bbox 301 1480 320 1497; x_wconf 76' lang='lat'><strong>⁴·</strong></span> <span class='ocrx_word' id='word_1_72' title='bbox 338 1472 417 1540; x_wconf 83' lang='lat' dir='ltr'><strong>ipsas</strong></span> <span class='ocrx_word' id='word_1_73' title='bbox 445 1471 475 1524; x_wconf 92' lang='lat' dir='ltr'><strong>in</strong></span> <span class='ocrx_word' id='word_1_74' title='bbox 493 1470 616 1524; x_wconf 79' lang='lat' dir='ltr'><strong>caritate</strong></span> <span class='ocrx_word' id='word_1_75' title='bbox 636 1468 807 1531; x_wconf 88' lang='lat' dir='ltr'><strong>consolidat,</strong></span> <span class='ocrx_word' id='word_1_76' title='bbox 833 1472 864 1520; x_wconf 90' lang='lat' dir='ltr'><strong>et</strong></span> <span class='ocrx_word' id='word_1_77' title='bbox 887 1468 916 1520; x_wconf 91' lang='lat' dir='ltr'><strong>in</strong></span> <span class='ocrx_word' id='word_1_78' title='bbox 940 1465 1153 1537; x_wconf 64' lang='lat' dir='ltr'><strong>tranquillitate</strong></span> <span class='ocrx_word' id='word_1_79' title='bbox 1175 1466 1347 1531; x_wconf 59' lang='lat' dir='ltr'><strong>confirma</strong></span> 
     </span>
     <span class='ocr_line' id='line_1_10' title="bbox 302 1549 1349 1615; baseline -0.004 -7"><span class='ocrx_word' id='word_1_80' title='bbox 302 1557 320 1579; x_wconf 88' lang='lat'><em>“</em></span> <span class='ocrx_word' id='word_1_81' title='bbox 340 1556 400 1608; x_wconf 80' lang='lat' dir='ltr'><strong>haee</strong></span> <span class='ocrx_word' id='word_1_82' title='bbox 427 1555 503 1608; x_wconf 92' lang='lat' dir='ltr'><strong>euim</strong></span> <span class='ocrx_word' id='word_1_83' title='bbox 530 1554 556 1607; x_wconf 89' lang='lat' dir='ltr'><strong>si</strong></span> <span class='ocrx_word' id='word_1_84' title='bbox 583 1554 669 1615; x_wconf 84' lang='lat' dir='ltr'><strong>absit,</strong></span> <span class='ocrx_word' id='word_1_85' title='bbox 698 1553 809 1607; x_wconf 79' lang='lat' dir='ltr'><strong>frustra</strong></span> <span class='ocrx_word' id='word_1_86' title='bbox 835 1556 1008 1605; x_wconf 72' lang='lat' dir='ltr'><strong>caeterarum</strong></span> <span class='ocrx_word' id='word_1_87' title='bbox 1033 1549 1179 1604; x_wconf 81' lang='lat' dir='ltr'><strong>virtutum</strong></span> <span class='ocrx_word' id='word_1_88' title='bbox 1209 1550 1349 1605; x_wconf 89' lang='lat' dir='ltr'><strong>cumulus</strong></span> 
     </span>
     <span class='ocr_line' id='line_1_11' title="bbox 302 1634 1349 1707; baseline 0 -17"><span class='ocrx_word' id='word_1_89' title='bbox 302 1643 319 1664; x_wconf 74' lang='lat'><strong>&#39;⁴</strong></span> <span class='ocrx_word' id='word_1_90' title='bbox 340 1647 499 1692; x_wconf 77' lang='lat' dir='ltr'><strong>exercetur.</strong></span> <span class='ocrx_word' id='word_1_91' title='bbox 539 1638 597 1691; x_wconf 87' lang='lat' dir='ltr'><strong>Sed</strong></span> <span class='ocrx_word' id='word_1_92' title='bbox 614 1638 683 1707; x_wconf 88' lang='lat' dir='ltr'><strong>quia</strong></span> <span class='ocrx_word' id='word_1_93' title='bbox 701 1636 829 1691; x_wconf 85' lang='lat' dir='ltr'><strong>occurrit</strong></span> <span class='ocrx_word' id='word_1_94' title='bbox 846 1636 876 1688; x_wconf 91' lang='lat' dir='ltr'><strong>in</strong></span> <span class='ocrx_word' id='word_1_95' title='bbox 888 1636 979 1688; x_wconf 78' lang='lat' dir='ltr'><strong>variis</strong></span> <span class='ocrx_word' id='word_1_96' title='bbox 997 1634 1099 1687; x_wconf 91' lang='lat' dir='ltr'><strong>mundi</strong></span> <span class='ocrx_word' id='word_1_97' title='bbox 1117 1635 1253 1705; x_wconf 85' lang='lat' dir='ltr'><strong>partibus</strong></span> <span class='ocrx_word' id='word_1_98' title='bbox 1270 1634 1349 1691; x_wconf 91' lang='lat' dir='ltr'><strong>dolo·</strong></span> 
     </span>
     <span class='ocr_line' id='line_1_12' title="bbox 302 1718 1349 1792; baseline -0.002 -17"><span class='ocrx_word' id='word_1_99' title='bbox 302 1725 320 1747; x_wconf 81' lang='lat'>“</span> <span class='ocrx_word' id='word_1_100' title='bbox 341 1722 459 1775; x_wconf 79' lang='lat' dir='ltr'><strong>rosade</strong></span> <span class='ocrx_word' id='word_1_101' title='bbox 478 1722 635 1792; x_wconf 69' lang='lat' dir='ltr'><strong>praeteritis</strong></span> <span class='ocrx_word' id='word_1_102' title='bbox 653 1722 693 1774; x_wconf 89' lang='lat' dir='ltr'><strong>rei</strong></span> <span class='ocrx_word' id='word_1_103' title='bbox 714 1725 806 1789; x_wconf 74' lang='lat' dir='ltr'><strong>gesta</strong></span> <span class='ocrx_word' id='word_1_104' title='bbox 824 1719 974 1780; x_wconf 84' lang='lat' dir='ltr'><strong>memoria,</strong></span> <span class='ocrx_word' id='word_1_105' title='bbox 999 1735 1087 1788; x_wconf 86' lang='lat' dir='ltr'><strong>super</strong></span> <span class='ocrx_word' id='word_1_106' title='bbox 1113 1735 1147 1772; x_wconf 88' lang='lat' dir='ltr'><strong>eo</strong></span> <span class='ocrx_word' id='word_1_107' title='bbox 1174 1718 1254 1789; x_wconf 90' lang='lat' dir='ltr'><strong>qnod</strong></span> <span class='ocrx_word' id='word_1_108' title='bbox 1279 1737 1349 1773; x_wconf 93' lang='lat' dir='ltr'><strong>non·</strong></span> 
     </span>
     <span class='ocr_line' id='line_1_13' title="bbox 301 1802 1348 1872; baseline -0.001 -13"><span class='ocrx_word' id='word_1_109' title='bbox 301 1808 319 1832; x_wconf 91' lang='lat'>“</span> <span class='ocrx_word' id='word_1_110' title='bbox 339 1806 412 1859; x_wconf 92' lang='lat' dir='ltr'><strong>nulli</strong></span> <span class='ocrx_word' id='word_1_111' title='bbox 441 1807 530 1861; x_wconf 91' lang='lat' dir='ltr'><strong>etiam</strong></span> <span class='ocrx_word' id='word_1_112' title='bbox 558 1806 742 1859; x_wconf 84' lang='lat' dir='ltr'><strong>diversarum</strong></span> <span class='ocrx_word' id='word_1_113' title='bbox 771 1803 949 1872; x_wconf 85' lang='lat' dir='ltr'><strong>religionum</strong></span> <span class='ocrx_word' id='word_1_114' title='bbox 977 1802 1045 1864; x_wconf 80' lang='lat' dir='ltr'><strong>viri,</strong></span> <span class='ocrx_word' id='word_1_115' title='bbox 1074 1802 1195 1857; x_wconf 88' lang='lat' dir='ltr'><strong>inimico</strong></span> <span class='ocrx_word' id='word_1_116' title='bbox 1225 1802 1348 1858; x_wconf 87' lang='lat' dir='ltr'><strong>humani</strong></span> 
     </span>
     <span class='ocr_line' id='line_1_14' title="bbox 301 1886 1349 1959; baseline -0.002 -16"><span class='ocrx_word' id='word_1_117' title='bbox 301 1891 319 1914; x_wconf 91' lang='lat'>“</span> <span class='ocrx_word' id='word_1_118' title='bbox 339 1890 456 1959; x_wconf 83' lang='lat' dir='ltr'><strong>generis</strong></span> <span class='ocrx_word' id='word_1_119' title='bbox 475 1888 635 1943; x_wconf 81' lang='lat' dir='ltr'><strong>discordias</strong></span> <span class='ocrx_word' id='word_1_120' title='bbox 664 1888 832 1951; x_wconf 85' lang='lat' dir='ltr'><strong>seminante,</strong></span> <span class='ocrx_word' id='word_1_121' title='bbox 855 1887 906 1958; x_wconf 91' lang='lat' dir='ltr'><strong>qui</strong></span> <span class='ocrx_word' id='word_1_122' title='bbox 927 1887 1075 1957; x_wconf 84' lang='lat' dir='ltr'><strong>insignem</strong></span> <span class='ocrx_word' id='word_1_123' title='bbox 1098 1886 1264 1951; x_wconf 84' lang='lat' dir='ltr'><strong>ecclesiam,</strong></span> <span class='ocrx_word' id='word_1_124' title='bbox 1289 1904 1349 1941; x_wconf 88' lang='lat' dir='ltr'><strong>ma·</strong></span> 
     </span>
     <span class='ocr_line' id='line_1_15' title="bbox 302 1969 1347 2035; baseline -0.002 -8"><span class='ocrx_word' id='word_1_125' title='bbox 302 1977 320 1998; x_wconf 91' lang='lat'><strong>“</strong></span> <span class='ocrx_word' id='word_1_126' title='bbox 340 1980 416 2027; x_wconf 89' lang='lat' dir='ltr'><strong>trem</strong></span> <span class='ocrx_word' id='word_1_127' title='bbox 430 1992 513 2027; x_wconf 85' lang='lat' dir='ltr'><strong>suem</strong></span> <span class='ocrx_word' id='word_1_128' title='bbox 525 1973 722 2027; x_wconf 77' lang='lat' dir='ltr'><strong>venerabilem</strong></span> <span class='ocrx_word' id='word_1_129' title='bbox 739 1979 769 2027; x_wconf 89' lang='lat' dir='ltr'><strong>et</strong></span> <span class='ocrx_word' id='word_1_130' title='bbox 781 1972 932 2035; x_wconf 83' lang='lat' dir='ltr'><strong>famosam,</strong></span> <span class='ocrx_word' id='word_1_131' title='bbox 945 1971 992 2025; x_wconf 91' lang='lat' dir='ltr'><strong>cui</strong></span> <span class='ocrx_word' id='word_1_132' title='bbox 1004 1971 1135 2024; x_wconf 85' lang='lat' dir='ltr'><strong>totaliter</strong></span> <span class='ocrx_word' id='word_1_133' title='bbox 1148 1988 1180 2024; x_wconf 89' lang='lat' dir='ltr'><strong>se</strong></span> <span class='ocrx_word' id='word_1_134' title='bbox 1192 1969 1347 2032; x_wconf 82' lang='lat' dir='ltr'><strong>dedemmt,</strong></span> 
     </span>
     <span class='ocr_line' id='line_1_16' title="bbox 302 2053 1345 2128; baseline -0.002 -17"><span class='ocrx_word' id='word_1_135' title='bbox 302 2061 371 2111; x_wconf 88' lang='lat' dir='ltr'><strong>“et</strong></span> <span class='ocrx_word' id='word_1_136' title='bbox 397 2064 515 2128; x_wconf 87' lang='lat' dir='ltr'><strong>proptor</strong></span> <span class='ocrx_word' id='word_1_137' title='bbox 535 2057 630 2110; x_wconf 91' lang='lat' dir='ltr'><strong>Deum</strong></span> <span class='ocrx_word' id='word_1_138' title='bbox 655 2075 685 2111; x_wconf 80' lang='lat' dir='ltr'><strong>sc</strong></span> <span class='ocrx_word' id='word_1_139' title='bbox 707 2063 848 2127; x_wconf 87' lang='lat' dir='ltr'><strong>perpetuo</strong></span> <span class='ocrx_word' id='word_1_140' title='bbox 873 2054 1060 2125; x_wconf 87' lang='lat' dir='ltr'><strong>subjecerunt</strong></span> <span class='ocrx_word' id='word_1_141' title='bbox 1084 2053 1121 2108; x_wconf 86' lang='lat' dir='ltr'><strong>sd</strong></span> <span class='ocrx_word' id='word_1_142' title='bbox 1146 2054 1345 2118; x_wconf 88' lang='lat' dir='ltr'><strong>serviendum,</strong></span> 
     </span>
     <span class='ocr_line' id='line_1_17' title="bbox 301 2138 1348 2209; baseline -0.002 -16"><span class='ocrx_word' id='word_1_143' title='bbox 301 2144 320 2165; x_wconf 93' lang='lat'>“</span> <span class='ocrx_word' id='word_1_144' title='bbox 340 2140 401 2193; x_wconf 76' lang='lat' dir='ltr'><strong>siris</strong></span> <span class='ocrx_word' id='word_1_145' title='bbox 422 2139 632 2209; x_wconf 83' lang='lat' dir='ltr'><strong>quodammodo</strong></span> <span class='ocrx_word' id='word_1_146' title='bbox 651 2140 756 2202; x_wconf 86' lang='lat' dir='ltr'><strong>titulis,</strong></span> <span class='ocrx_word' id='word_1_147' title='bbox 773 2139 940 2201; x_wconf 88' lang='lat' dir='ltr'><strong>honoribus,</strong></span> <span class='ocrx_word' id='word_1_148' title='bbox 953 2138 1088 2208; x_wconf 83' lang='lat' dir='ltr'><strong>nequiter</strong></span> <span class='ocrx_word' id='word_1_149' title='bbox 1100 2139 1256 2193; x_wconf 74' lang='lat' dir='ltr'><strong>retroactis</strong></span> <span class='ocrx_word' id='word_1_150' title='bbox 1275 2144 1348 2193; x_wconf 84' lang='lat' dir='ltr'><strong>tem·</strong></span> 
     </span>
     <span class='ocr_line' id='line_1_18' title="bbox 301 2221 1345 2294; baseline 0.001 -19"><span class='ocrx_word' id='word_1_151' title='bbox 301 2228 318 2249; x_wconf 79' lang='lat'><strong>‘⁴</strong></span> <span class='ocrx_word' id='word_1_152' title='bbox 339 2224 468 2293; x_wconf 86' lang='lat' dir='ltr'><strong>peribus,</strong></span> <span class='ocrx_word' id='word_1_153' title='bbox 487 2240 552 2293; x_wconf 71' lang='lat' dir='ltr'><strong>quae</strong></span> <span class='ocrx_word' id='word_1_154' title='bbox 570 2222 680 2276; x_wconf 85' lang='lat' dir='ltr'><strong>vidisse</strong></span> <span class='ocrx_word' id='word_1_155' title='bbox 698 2223 794 2293; x_wconf 88' lang='lat' dir='ltr'><strong>potuit</strong></span> <span class='ocrx_word' id='word_1_156' title='bbox 817 2240 946 2294; x_wconf 83' lang='lat' dir='ltr'><strong>praesens</strong></span> <span class='ocrx_word' id='word_1_157' title='bbox 970 2222 1137 2293; x_wconf 85' lang='lat' dir='ltr'><strong>posteritas,</strong></span> <span class='ocrx_word' id='word_1_158' title='bbox 1158 2221 1345 2285; x_wconf 84' lang='lat' dir='ltr'><strong>innovabant,</strong></span> 
     </span>
     <span class='ocr_line' id='line_1_19' title="bbox 301 2303 1348 2376; baseline 0.001 -18"><span class='ocrx_word' id='word_1_159' title='bbox 301 2310 318 2332; x_wconf 76' lang='lat'><strong>‘⁶</strong></span> <span class='ocrx_word' id='word_1_160' title='bbox 340 2324 373 2359; x_wconf 87' lang='lat' dir='ltr'><strong>ao</strong></span> <span class='ocrx_word' id='word_1_161' title='bbox 391 2304 536 2359; x_wconf 89' lang='lat' dir='ltr'><strong>horrende</strong></span> <span class='ocrx_word' id='word_1_162' title='bbox 554 2306 710 2376; x_wconf 77' lang='lat' dir='ltr'><strong>nigrarunt</strong></span> <span class='ocrx_word' id='word_1_163' title='bbox 728 2306 860 2367; x_wconf 86' lang='lat' dir='ltr'><strong>maculis,</strong></span> <span class='ocrx_word' id='word_1_164' title='bbox 880 2311 909 2359; x_wconf 88' lang='lat' dir='ltr'><strong>ct</strong></span> <span class='ocrx_word' id='word_1_165' title='bbox 926 2304 1113 2358; x_wconf 78' lang='lat' dir='ltr'><strong>²multifariis</strong></span> <span class='ocrx_word' id='word_1_166' title='bbox 1126 2303 1289 2359; x_wconf 86' lang='lat' dir='ltr'><strong>affecerunt</strong></span> <span class='ocrx_word' id='word_1_167' title='bbox 1306 2305 1348 2358; x_wconf 92' lang='lat' dir='ltr'><strong>in·</strong></span> 
     </span>
     <span class='ocr_line' id='line_1_20' title="bbox 301 2387 1348 2460; baseline 0.001 -17"><span class='ocrx_word' id='word_1_168' title='bbox 301 2393 320 2417; x_wconf 90' lang='lat'><em>“</em></span> <span class='ocrx_word' id='word_1_169' title='bbox 336 2390 433 2460; x_wconf 73' lang='lat' dir='ltr'><strong>juriis,</strong></span> <span class='ocrx_word' id='word_1_170' title='bbox 453 2389 563 2460; x_wconf 86' lang='lat' dir='ltr'><strong>pariter</strong></span> <span class='ocrx_word' id='word_1_171' title='bbox 580 2396 611 2443; x_wconf 90' lang='lat' dir='ltr'><strong>et</strong></span> <span class='ocrx_word' id='word_1_172' title='bbox 634 2389 875 2460; x_wconf 84' lang='lat' dir='ltr'><strong>expensis31icet</strong></span> <span class='ocrx_word' id='word_1_173' title='bbox 899 2388 1093 2460; x_wconf 90' lang='lat' dir='ltr'><strong>postmodum,</strong></span> <span class='ocrx_word' id='word_1_174' title='bbox 1119 2406 1176 2441; x_wconf 91' lang='lat' dir='ltr'><strong>non</strong></span> <span class='ocrx_word' id='word_1_175' title='bbox 1202 2389 1266 2443; x_wconf 87' lang='lat' dir='ltr'><strong>sina</strong></span> <span class='ocrx_word' id='word_1_176' title='bbox 1292 2387 1348 2444; x_wconf 81' lang='lat' dir='ltr'><strong>Dei</strong></span> 
     </span>
     <span class='ocr_line' id='line_1_21' title="bbox 302 2471 1348 2545; baseline 0.001 -19"><span class='ocrx_word' id='word_1_177' title='bbox 302 2476 320 2500; x_wconf 90' lang='lat'>“</span> <span class='ocrx_word' id='word_1_178' title='bbox 337 2473 459 2542; x_wconf 85' lang='lat' dir='ltr'><strong>judicio,</strong></span> <span class='ocrx_word' id='word_1_179' title='bbox 487 2473 613 2545; x_wconf 74' lang='lat' dir='ltr'><strong>propriae</strong></span> <span class='ocrx_word' id='word_1_180' title='bbox 641 2473 806 2543; x_wconf 88' lang='lat' dir='ltr'><strong>iniquitatis</strong></span> <span class='ocrx_word' id='word_1_181' title='bbox 836 2473 977 2527; x_wconf 85' lang='lat' dir='ltr'><strong>demerito</strong></span> <span class='ocrx_word' id='word_1_182' title='bbox 1008 2472 1078 2525; x_wconf 83' lang='lat' dir='ltr'><strong>facti</strong></span> <span class='ocrx_word' id='word_1_183' title='bbox 1105 2471 1233 2527; x_wconf 85' lang='lat' dir='ltr'><strong>fuissent</strong></span> <span class='ocrx_word' id='word_1_184' title='bbox 1262 2472 1348 2542; x_wconf 82' lang='lat' dir='ltr'><strong>quasi</strong></span> 
     </span>
     <span class='ocr_line' id='line_1_22' title="bbox 303 2558 1347 2630; baseline 0.002 -17"><span class='ocrx_word' id='word_1_185' title='bbox 303 2563 321 2586; x_wconf 93' lang='lat'>“</span> <span class='ocrx_word' id='word_1_186' title='bbox 341 2559 528 2629; x_wconf 90' lang='lat' dir='ltr'><strong>opprobrium</strong></span> <span class='ocrx_word' id='word_1_187' title='bbox 546 2559 697 2613; x_wconf 90' lang='lat' dir='ltr'><strong>hominum</strong></span> <span class='ocrx_word' id='word_1_188' title='bbox 716 2565 747 2614; x_wconf 91' lang='lat' dir='ltr'><strong>et</strong></span> <span class='ocrx_word' id='word_1_189' title='bbox 763 2559 888 2629; x_wconf 86' lang='lat' dir='ltr'><strong>abjectio</strong></span> <span class='ocrx_word' id='word_1_190' title='bbox 906 2558 1010 2629; x_wconf 88' lang='lat' dir='ltr'><strong>plebis,</strong></span> <span class='ocrx_word' id='word_1_191' title='bbox 1029 2575 1082 2612; x_wconf 88' lang='lat' dir='ltr'><strong>neo</strong></span> <span class='ocrx_word' id='word_1_192' title='bbox 1100 2575 1158 2612; x_wconf 91' lang='lat' dir='ltr'><strong>non</strong></span> <span class='ocrx_word' id='word_1_193' title='bbox 1183 2566 1214 2614; x_wconf 89' lang='lat' dir='ltr'><strong>ot</strong></span> <span class='ocrx_word' id='word_1_194' title='bbox 1231 2559 1264 2615; x_wconf 88' lang='lat' dir='ltr'><strong>in</strong></span> <span class='ocrx_word' id='word_1_195' title='bbox 1281 2577 1347 2630; x_wconf 84' lang='lat' dir='ltr'><strong>pro-</strong></span> 
     </span>
     <span class='ocr_line' id='line_1_23' title="bbox 303 2641 1348 2715; baseline 0.001 -19"><span class='ocrx_word' id='word_1_196' title='bbox 303 2647 321 2669; x_wconf 87' lang='lat'><strong>·‘</strong></span> <span class='ocrx_word' id='word_1_197' title='bbox 341 2643 474 2697; x_wconf 83' lang='lat' dir='ltr'><strong>verbium</strong></span> <span class='ocrx_word' id='word_1_198' title='bbox 493 2643 704 2713; x_wconf 70' lang='lat' dir='ltr'><strong>plurimorum</strong></span> <span class='ocrx_word' id='word_1_199' title='bbox 727 2643 837 2705; x_wconf 89' lang='lat' dir='ltr'><strong>etheo,</strong></span> <span class='ocrx_word' id='word_1_200' title='bbox 866 2660 933 2696; x_wconf 87' lang='lat' dir='ltr'><strong>eum</strong></span> <span class='ocrx_word' id='word_1_201' title='bbox 952 2642 1009 2696; x_wconf 89' lang='lat' dir='ltr'><strong>llle</strong></span> <span class='ocrx_word' id='word_1_202' title='bbox 1032 2641 1082 2710; x_wconf 87' lang='lat' dir='ltr'><strong>qui</strong></span> <span class='ocrx_word' id='word_1_203' title='bbox 1107 2659 1179 2696; x_wconf 85' lang='lat' dir='ltr'><strong>vera</strong></span> <span class='ocrx_word' id='word_1_204' title='bbox 1202 2659 1259 2715; x_wconf 83' lang='lat' dir='ltr'><strong>pax</strong></span> <span class='ocrx_word' id='word_1_205' title='bbox 1283 2659 1348 2699; x_wconf 84' lang='lat' dir='ltr'><strong>ease</strong></span> 
     </span>
     <span class='ocr_line' id='line_1_24' title="bbox 303 2725 1346 2799; baseline 0.003 -19"><span class='ocrx_word' id='word_1_206' title='bbox 303 2731 320 2753; x_wconf 84' lang='lat'><strong>¹‘</strong></span> <span class='ocrx_word' id='word_1_207' title='bbox 341 2727 457 2789; x_wconf 88' lang='lat' dir='ltr'><strong>dicitur,</strong></span> <span class='ocrx_word' id='word_1_208' title='bbox 470 2744 571 2799; x_wconf 90' lang='lat' dir='ltr'><strong>pacem</strong></span> <span class='ocrx_word' id='word_1_209' title='bbox 588 2727 725 2790; x_wconf 88' lang='lat' dir='ltr'><strong>reddidit,</strong></span> <span class='ocrx_word' id='word_1_210' title='bbox 738 2733 768 2780; x_wconf 91' lang='lat' dir='ltr'><strong>et</strong></span> <span class='ocrx_word' id='word_1_211' title='bbox 780 2725 964 2780; x_wconf 89' lang='lat' dir='ltr'><strong>concordiam</strong></span> <span class='ocrx_word' id='word_1_212' title='bbox 976 2725 1133 2796; x_wconf 79' lang='lat' dir='ltr'><strong>repararit.</strong></span> <span class='ocrx_word' id='word_1_213' title='bbox 1172 2726 1346 2799; x_wconf 83' lang='lat' dir='ltr'><strong>Eapropter,</strong></span> 
     </span>
     <span class='ocr_line' id='line_1_25' title="bbox 303 2808 1347 2882; baseline 0.002 -18"><span class='ocrx_word' id='word_1_214' title='bbox 303 2814 321 2836; x_wconf 90' lang='lat'>“</span> <span class='ocrx_word' id='word_1_215' title='bbox 340 2829 392 2865; x_wconf 90' lang='lat' dir='ltr'><strong>nos</strong></span> <span class='ocrx_word' id='word_1_216' title='bbox 417 2811 448 2863; x_wconf 92' lang='lat' dir='ltr'><strong>iu</strong></span> <span class='ocrx_word' id='word_1_217' title='bbox 470 2811 664 2882; x_wconf 66' lang='lat' dir='ltr'><strong>praesentiat</strong></span> <span class='ocrx_word' id='word_1_218' title='bbox 687 2829 740 2882; x_wconf 87' lang='lat' dir='ltr'><strong>pro</strong></span> <span class='ocrx_word' id='word_1_219' title='bbox 759 2810 940 2880; x_wconf 86' lang='lat' dir='ltr'><strong>temporibus</strong></span> <span class='ocrx_word' id='word_1_220' title='bbox 965 2808 1083 2871; x_wconf 87' lang='lat' dir='ltr'><strong>futuris,</strong></span> <span class='ocrx_word' id='word_1_221' title='bbox 1107 2809 1240 2864; x_wconf 84' lang='lat' dir='ltr'><strong>volentes</strong></span> <span class='ocrx_word' id='word_1_222' title='bbox 1265 2816 1347 2866; x_wconf 84' lang='lat' dir='ltr'><strong>tanta</strong></span> 
     </span>
     <span class='ocr_line' id='line_1_26' title="bbox 302 2890 1346 2965; baseline 0 -16"><span class='ocrx_word' id='word_1_223' title='bbox 302 2899 321 2922; x_wconf 86' lang='lat'><strong>‘⁴</strong></span> <span class='ocrx_word' id='word_1_224' title='bbox 342 2895 435 2949; x_wconf 83' lang='lat' dir='ltr'><strong>vitare</strong></span> <span class='ocrx_word' id='word_1_225' title='bbox 447 2895 587 2965; x_wconf 90' lang='lat' dir='ltr'><strong>pericula,</strong></span> <span class='ocrx_word' id='word_1_226' title='bbox 601 2900 631 2948; x_wconf 92' lang='lat' dir='ltr'><strong>et</strong></span> <span class='ocrx_word' id='word_1_227' title='bbox 649 2894 805 2965; x_wconf 84' lang='lat' dir='ltr'><strong>opprobria</strong></span> <span class='ocrx_word' id='word_1_228' title='bbox 822 2892 982 2955; x_wconf 91' lang='lat' dir='ltr'><strong>hominum,</strong></span> <span class='ocrx_word' id='word_1_229' title='bbox 1002 2910 1035 2946; x_wconf 90' lang='lat' dir='ltr'><strong>ao</strong></span> <span class='ocrx_word' id='word_1_230' title='bbox 1053 2890 1207 2962; x_wconf 86' lang='lat' dir='ltr'><strong>religionis</strong></span> <span class='ocrx_word' id='word_1_231' title='bbox 1226 2894 1346 2949; x_wconf 80' lang='lat' dir='ltr'><strong>scanda-</strong></span> 
     </span>
     <span class='ocr_line' id='line_1_27' title="bbox 301 2975 1347 3046; baseline -0.001 -11"><span class='ocrx_word' id='word_1_232' title='bbox 301 2984 318 3006; x_wconf 86' lang='lat'>“</span> <span class='ocrx_word' id='word_1_233' title='bbox 337 2981 409 3041; x_wconf 89' lang='lat' dir='ltr'><strong>lum,</strong></span> <span class='ocrx_word' id='word_1_234' title='bbox 429 2997 463 3033; x_wconf 86' lang='lat' dir='ltr'><strong>ex</strong></span> <span class='ocrx_word' id='word_1_235' title='bbox 481 2984 562 3034; x_wconf 87' lang='lat' dir='ltr'><strong>certa</strong></span> <span class='ocrx_word' id='word_1_236' title='bbox 580 2979 703 3032; x_wconf 88' lang='lat' dir='ltr'><strong>seientia</strong></span> <span class='ocrx_word' id='word_1_237' title='bbox 722 2977 878 3040; x_wconf 83' lang='lat' dir='ltr'><strong>declinere,</strong></span> <span class='ocrx_word' id='word_1_238' title='bbox 890 2995 935 3039; x_wconf 90' lang='lat' dir='ltr'><strong>ne,</strong></span> <span class='ocrx_word' id='word_1_239' title='bbox 954 2975 1155 3046; x_wconf 85' lang='lat' dir='ltr'><strong>cujuscunque</strong></span> <span class='ocrx_word' id='word_1_240' title='bbox 1173 2977 1347 3035; x_wconf 79' lang='lat' dir='ltr'><strong>imminente</strong></span> 
     </span>
     <span class='ocr_line' id='line_1_28' title="bbox 300 3060 1346 3133; baseline 0 -16"><span class='ocrx_word' id='word_1_241' title='bbox 300 3068 318 3090; x_wconf 80' lang='lat'><strong>‘⁶</strong></span> <span class='ocrx_word' id='word_1_242' title='bbox 338 3064 459 3127; x_wconf 85' lang='lat' dir='ltr'><strong>mulitia,</strong></span> <span class='ocrx_word' id='word_1_243' title='bbox 487 3063 601 3118; x_wconf 91' lang='lat' dir='ltr'><strong>diabolo</strong></span> <span class='ocrx_word' id='word_1_244' title='bbox 625 3069 809 3133; x_wconf 82' lang='lat' dir='ltr'><strong>procurante,</strong></span> <span class='ocrx_word' id='word_1_245' title='bbox 835 3061 973 3117; x_wconf 90' lang='lat' dir='ltr'><strong>damnum</strong></span> <span class='ocrx_word' id='word_1_246' title='bbox 999 3060 1118 3117; x_wconf 86' lang='lat' dir='ltr'><strong>accedat</strong></span> <span class='ocrx_word' id='word_1_247' title='bbox 1142 3060 1285 3117; x_wconf 67' lang='lat' dir='ltr'><strong>Ecclesia</strong></span> <span class='ocrx_word' id='word_1_248' title='bbox 1310 3061 1346 3117; x_wconf 83' lang='lat' dir='ltr'><strong>de</strong></span> 
     </span>
     <span class='ocr_line' id='line_1_29' title="bbox 300 3144 1348 3219; baseline 0 -18"><span class='ocrx_word' id='word_1_249' title='bbox 300 3151 318 3172; x_wconf 76' lang='lat'><strong>‘¹</strong></span> <span class='ocrx_word' id='word_1_250' title='bbox 339 3147 555 3219; x_wconf 84' lang='lat' dir='ltr'><strong>Wymundham</strong></span> <span class='ocrx_word' id='word_1_251' title='bbox 582 3147 745 3212; x_wconf 72' lang='lat' dir='ltr'><strong>erudiens,</strong></span> <span class='ocrx_word' id='word_1_252' title='bbox 772 3146 886 3218; x_wconf 63' lang='lat' dir='ltr'><strong>praefati</strong></span> <span class='ocrx_word' id='word_1_253' title='bbox 911 3145 1083 3199; x_wconf 87' lang='lat' dir='ltr'><strong>Monasterii</strong></span> <span class='ocrx_word' id='word_1_254' title='bbox 1112 3144 1212 3199; x_wconf 84' lang='lat' dir='ltr'><strong>Sancti</strong></span> <span class='ocrx_word' id='word_1_255' title='bbox 1237 3145 1348 3201; x_wconf 85' lang='lat' dir='ltr'><strong>Albani</strong></span> 
     </span>
     <span class='ocr_line' id='line_1_30' title="bbox 300 3229 1347 3303; baseline 0.001 -19"><span class='ocrx_word' id='word_1_256' title='bbox 300 3235 318 3255; x_wconf 91' lang='lat'><strong>“</strong></span> <span class='ocrx_word' id='word_1_257' title='bbox 339 3232 477 3295; x_wconf 90' lang='lat' dir='ltr'><strong>membro,</strong></span> <span class='ocrx_word' id='word_1_258' title='bbox 499 3231 553 3284; x_wconf 80' lang='lat' dir='ltr'><strong>sub</strong></span> <span class='ocrx_word' id='word_1_259' title='bbox 571 3231 660 3284; x_wconf 77' lang='lat' dir='ltr'><strong>Cellae</strong></span> <span class='ocrx_word' id='word_1_260' title='bbox 680 3231 882 3303; x_wconf 86' lang='lat' dir='ltr'><strong>appellatione,</strong></span> <span class='ocrx_word' id='word_1_261' title='bbox 903 3230 950 3282; x_wconf 83' lang='lat' dir='ltr'><strong>vel</strong></span> <span class='ocrx_word' id='word_1_262' title='bbox 969 3229 1130 3293; x_wconf 64' lang='lat' dir='ltr'><strong>Prioratusu</strong></span> <span class='ocrx_word' id='word_1_263' title='bbox 1151 3231 1347 3287; x_wconf 84' lang='lat' dir='ltr'><strong>communiter</strong></span> 
     </span>
     <span class='ocr_line' id='line_1_31' title="bbox 300 3313 1347 3384; baseline 0.004 -17"><span class='ocrx_word' id='word_1_264' title='bbox 300 3320 318 3342; x_wconf 82' lang='lat'><strong>‘⁶</strong></span> <span class='ocrx_word' id='word_1_265' title='bbox 339 3322 520 3384; x_wconf 79' lang='lat' dir='ltr'><strong>nuncupatae,</strong></span> <span class='ocrx_word' id='word_1_266' title='bbox 541 3316 621 3367; x_wconf 87' lang='lat' dir='ltr'><strong>etin</strong></span> <span class='ocrx_word' id='word_1_267' title='bbox 643 3316 776 3368; x_wconf 89' lang='lat' dir='ltr'><strong>omnibus</strong></span> <span class='ocrx_word' id='word_1_268' title='bbox 801 3321 965 3384; x_wconf 89' lang='lat' dir='ltr'><strong>atempore</strong></span> <span class='ocrx_word' id='word_1_269' title='bbox 991 3313 1167 3367; x_wconf 84' lang='lat' dir='ltr'><strong>fundationis</strong></span> <span class='ocrx_word' id='word_1_270' title='bbox 1187 3332 1257 3379; x_wconf 79' lang='lat' dir='ltr'><strong>suaa,</strong></span> <span class='ocrx_word' id='word_1_271' title='bbox 1278 3332 1347 3371; x_wconf 86' lang='lat' dir='ltr'><strong>cum</strong></span> 
     </span>
     <span class='ocr_line' id='line_1_32' title="bbox 301 3398 1347 3469; baseline 0.004 -18"><span class='ocrx_word' id='word_1_272' title='bbox 301 3402 319 3425; x_wconf 78' lang='lat'><strong>⁸⁴</strong></span> <span class='ocrx_word' id='word_1_273' title='bbox 339 3400 472 3453; x_wconf 84' lang='lat' dir='ltr'><strong>omnibus</strong></span> <span class='ocrx_word' id='word_1_274' title='bbox 491 3399 608 3468; x_wconf 81' lang='lat' dir='ltr'><strong>juribus</strong></span> <span class='ocrx_word' id='word_1_275' title='bbox 628 3399 689 3452; x_wconf 87' lang='lat' dir='ltr'><strong>suis</strong></span> <span class='ocrx_word' id='word_1_276' title='bbox 708 3405 739 3453; x_wconf 90' lang='lat' dir='ltr'><strong>et</strong></span> <span class='ocrx_word' id='word_1_277' title='bbox 760 3398 954 3469; x_wconf 89' lang='lat' dir='ltr'><strong>pertinentiis,</strong></span> <span class='ocrx_word' id='word_1_278' title='bbox 974 3398 1122 3467; x_wconf 83' lang='lat' dir='ltr'><strong>subjeotoe,</strong></span> <span class='ocrx_word' id='word_1_279' title='bbox 1143 3398 1347 3468; x_wconf 84' lang='lat' dir='ltr'><strong>subjectionis·</strong></span> 
     </span>
     <span class='ocr_line' id='line_1_33' title="bbox 302 3481 1347 3554; baseline 0.007 -21"><span class='ocrx_word' id='word_1_280' title='bbox 302 3486 319 3506; x_wconf 91' lang='lat'>“</span> <span class='ocrx_word' id='word_1_281' title='bbox 341 3501 397 3550; x_wconf 88' lang='lat' dir='ltr'><strong>qne</strong></span> <span class='ocrx_word' id='word_1_282' title='bbox 426 3483 519 3549; x_wconf 79' lang='lat' dir='ltr'><strong>signe,</strong></span> <span class='ocrx_word' id='word_1_283' title='bbox 547 3499 599 3534; x_wconf 89' lang='lat' dir='ltr'><strong>seu</strong></span> <span class='ocrx_word' id='word_1_284' title='bbox 621 3481 699 3551; x_wconf 87' lang='lat' dir='ltr'><strong>jura,</strong></span> <span class='ocrx_word' id='word_1_285' title='bbox 732 3500 847 3553; x_wconf 85' lang='lat' dir='ltr'><strong>semper</strong></span> <span class='ocrx_word' id='word_1_286' title='bbox 875 3483 1009 3537; x_wconf 77' lang='lat' dir='ltr'><strong>facientis</strong></span> <span class='ocrx_word' id='word_1_287' title='bbox 1037 3499 1124 3554; x_wconf 89' lang='lat' dir='ltr'><strong>opere</strong></span> <span class='ocrx_word' id='word_1_288' title='bbox 1152 3489 1182 3537; x_wconf 89' lang='lat' dir='ltr'><strong>et</strong></span> <span class='ocrx_word' id='word_1_289' title='bbox 1212 3501 1347 3540; x_wconf 85' lang='lat' dir='ltr'><strong>sermone</strong></span> 
     </span>
     <span class='ocr_line' id='line_1_34' title="bbox 301 3564 1347 3640; baseline 0.006 -23"><span class='ocrx_word' id='word_1_290' title='bbox 301 3567 319 3589; x_wconf 91' lang='lat'><strong>“</strong></span> <span class='ocrx_word' id='word_1_291' title='bbox 339 3565 483 3627; x_wconf 86' lang='lat' dir='ltr'><strong>continue,</strong></span> <span class='ocrx_word' id='word_1_292' title='bbox 507 3566 630 3633; x_wconf 79' lang='lat' dir='ltr'><strong>integre,</strong></span> <span class='ocrx_word' id='word_1_293' title='bbox 657 3571 686 3618; x_wconf 86' lang='lat' dir='ltr'><strong>et</strong></span> <span class='ocrx_word' id='word_1_294' title='bbox 704 3564 816 3623; x_wconf 83' lang='lat' dir='ltr'><strong>devote.</strong></span> <span class='ocrx_word' id='word_1_295' title='bbox 839 3573 939 3620; x_wconf 81' lang='lat' dir='ltr'><strong>votum</strong></span> <span class='ocrx_word' id='word_1_296' title='bbox 958 3567 1047 3620; x_wconf 86' lang='lat' dir='ltr'><strong>etiam</strong></span> <span class='ocrx_word' id='word_1_297' title='bbox 1071 3572 1205 3620; x_wconf 89' lang='lat' dir='ltr'><strong>nostrum</strong></span> <span class='ocrx_word' id='word_1_298' title='bbox 1226 3574 1257 3623; x_wconf 85' lang='lat' dir='ltr'><strong>et</strong></span> <span class='ocrx_word' id='word_1_299' title='bbox 1280 3586 1347 3640; x_wconf 87' lang='lat' dir='ltr'><strong>pro·</strong></span> 
     </span>
     <span class='ocr_line' id='line_1_35' title="bbox 301 3646 1346 3716; baseline 0.008 -18"><span class='ocrx_word' id='word_1_300' title='bbox 301 3650 319 3672; x_wconf 89' lang='lat'><strong>“</strong></span> <span class='ocrx_word' id='word_1_301' title='bbox 341 3648 504 3708; x_wconf 75' lang='lat' dir='ltr'><strong>sessionem,</strong></span> <span class='ocrx_word' id='word_1_302' title='bbox 531 3664 618 3716; x_wconf 81' lang='lat' dir='ltr'><strong>quam</strong></span> <span class='ocrx_word' id='word_1_303' title='bbox 637 3646 744 3701; x_wconf 80' lang='lat' dir='ltr'><strong>Abbati</strong></span> <span class='ocrx_word' id='word_1_304' title='bbox 769 3657 798 3701; x_wconf 81' lang='lat' dir='ltr'><strong>et</strong></span> <span class='ocrx_word' id='word_1_305' title='bbox 819 3650 997 3703; x_wconf 85' lang='lat' dir='ltr'><strong>Monasterio</strong></span> <span class='ocrx_word' id='word_1_306' title='bbox 1023 3649 1257 3714; x_wconf 62' lang='lat' dir='ltr'><strong>Sanctionem,</strong></span> <span class='ocrx_word' id='word_1_307' title='bbox 1276 3653 1346 3707; x_wconf 81' lang='lat' dir='ltr'><strong>Lin-</strong></span> 
     </span>
     <span class='ocr_line' id='line_1_36' title="bbox 302 3728 1346 3798; baseline 0.009 -16"><span class='ocrx_word' id='word_1_308' title='bbox 302 3734 319 3755; x_wconf 90' lang='lat'><strong>“</strong></span> <span class='ocrx_word' id='word_1_309' title='bbox 340 3730 494 3782; x_wconf 88' lang='lat' dir='ltr'><strong>colniensis</strong></span> <span class='ocrx_word' id='word_1_310' title='bbox 524 3728 677 3791; x_wconf 88' lang='lat' dir='ltr'><strong>Dioecesis‚</strong></span> <span class='ocrx_word' id='word_1_311' title='bbox 703 3738 731 3783; x_wconf 85' lang='lat' dir='ltr'><strong>et</strong></span> <span class='ocrx_word' id='word_1_312' title='bbox 758 3733 891 3786; x_wconf 87' lang='lat' dir='ltr'><strong>omnibus</strong></span> <span class='ocrx_word' id='word_1_313' title='bbox 924 3733 985 3786; x_wconf 88' lang='lat' dir='ltr'><strong>suis</strong></span> <span class='ocrx_word' id='word_1_314' title='bbox 1016 3734 1243 3798; x_wconf 84' lang='lat' dir='ltr'><strong>successoribus,</strong></span> <span class='ocrx_word' id='word_1_315' title='bbox 1277 3736 1346 3791; x_wconf 81' lang='lat' dir='ltr'><strong>feci·</strong></span> 
     </span>
     <span class='ocr_line' id='line_1_37' title="bbox 301 3813 1346 3883; baseline 0.009 -17"><span class='ocrx_word' id='word_1_316' title='bbox 301 3817 319 3840; x_wconf 90' lang='lat'>“</span> <span class='ocrx_word' id='word_1_317' title='bbox 339 3832 414 3874; x_wconf 86' lang='lat' dir='ltr'><strong>mus,</strong></span> <span class='ocrx_word' id='word_1_318' title='bbox 439 3829 505 3865; x_wconf 91' lang='lat' dir='ltr'><strong>cum</strong></span> <span class='ocrx_word' id='word_1_319' title='bbox 533 3813 610 3864; x_wconf 91' lang='lat' dir='ltr'><strong>omni</strong></span> <span class='ocrx_word' id='word_1_320' title='bbox 631 3813 818 3883; x_wconf 80' lang='lat' dir='ltr'><strong>subjectione,</strong></span> <span class='ocrx_word' id='word_1_321' title='bbox 832 3815 1006 3875; x_wconf 86' lang='lat' dir='ltr'><strong>obedientia,</strong></span> <span class='ocrx_word' id='word_1_322' title='bbox 1031 3821 1061 3869; x_wconf 87' lang='lat' dir='ltr'><strong>ct</strong></span> <span class='ocrx_word' id='word_1_323' title='bbox 1079 3819 1252 3881; x_wconf 86' lang='lat' dir='ltr'><strong>reverentia,</strong></span> <span class='ocrx_word' id='word_1_324' title='bbox 1275 3838 1346 3875; x_wconf 90' lang='lat' dir='ltr'><strong>sana</strong></span> 
     </span>
     <span class='ocr_line' id='line_1_38' title="bbox 301 3895 1345 3965; baseline 0.007 -14"><span class='ocrx_word' id='word_1_325' title='bbox 301 3901 318 3922; x_wconf 88' lang='lat'><strong>“</strong></span> <span class='ocrx_word' id='word_1_326' title='bbox 338 3896 394 3951; x_wconf 89' lang='lat' dir='ltr'><strong>fide</strong></span> <span class='ocrx_word' id='word_1_327' title='bbox 423 3901 452 3950; x_wconf 87' lang='lat' dir='ltr'><strong>et</strong></span> <span class='ocrx_word' id='word_1_328' title='bbox 474 3895 591 3965; x_wconf 83' lang='lat' dir='ltr'><strong>integra</strong></span> <span class='ocrx_word' id='word_1_329' title='bbox 617 3896 779 3963; x_wconf 81' lang='lat' dir='ltr'><strong>dovotione,</strong></span> <span class='ocrx_word' id='word_1_330' title='bbox 808 3900 968 3955; x_wconf 83' lang='lat' dir='ltr'><strong>seeundum</strong></span> <span class='ocrx_word' id='word_1_331' title='bbox 995 3917 1106 3954; x_wconf 90' lang='lat' dir='ltr'><strong>morem</strong></span> <span class='ocrx_word' id='word_1_332' title='bbox 1134 3907 1164 3956; x_wconf 92' lang='lat' dir='ltr'><strong>et</strong></span> <span class='ocrx_word' id='word_1_333' title='bbox 1190 3909 1345 3958; x_wconf 85' lang='lat' dir='ltr'><strong>consuetu·</strong></span> 
     </span>
     <span class='ocr_line' id='line_1_39' title="bbox 300 3980 1345 4057; baseline 0.005 -20"><span class='ocrx_word' id='word_1_334' title='bbox 300 3985 317 4008; x_wconf 89' lang='lat'><strong>“</strong></span> <span class='ocrx_word' id='word_1_335' title='bbox 337 3980 468 4036; x_wconf 88' lang='lat' dir='ltr'><strong>tudinem</strong></span> <span class='ocrx_word' id='word_1_336' title='bbox 487 3997 602 4050; x_wconf 85' lang='lat' dir='ltr'><strong>semper</strong></span> <span class='ocrx_word' id='word_1_337' title='bbox 616 3981 806 4044; x_wconf 86' lang='lat' dir='ltr'><strong>observatam,</strong></span> <span class='ocrx_word' id='word_1_338' title='bbox 826 3990 856 4038; x_wconf 89' lang='lat' dir='ltr'><strong>et</strong></span> <span class='ocrx_word' id='word_1_339' title='bbox 873 3990 933 4040; x_wconf 90' lang='lat' dir='ltr'><strong>tam</strong></span> <span class='ocrx_word' id='word_1_340' title='bbox 950 4002 967 4038; x_wconf 91' lang='lat' dir='ltr'><strong>a</strong></span> <span class='ocrx_word' id='word_1_341' title='bbox 984 3984 1077 4047; x_wconf 81' lang='lat' dir='ltr'><strong>nobie,</strong></span> <span class='ocrx_word' id='word_1_342' title='bbox 1098 4002 1185 4054; x_wconf 83' lang='lat' dir='ltr'><strong>quam</strong></span> <span class='ocrx_word' id='word_1_343' title='bbox 1198 4002 1217 4039; x_wconf 89' lang='lat' dir='ltr'><strong>a</strong></span> <span class='ocrx_word' id='word_1_344' title='bbox 1234 3987 1345 4057; x_wconf 70' lang='lat' dir='ltr'><strong>praede-</strong></span> 
     </span>
     <span class='ocr_line' id='line_1_40' title="bbox 300 4063 1344 4143; baseline 0.007 -24"><span class='ocrx_word' id='word_1_345' title='bbox 300 4069 317 4091; x_wconf 88' lang='lat'><strong>“</strong></span> <span class='ocrx_word' id='word_1_346' title='bbox 339 4064 501 4121; x_wconf 82' lang='lat' dir='ltr'><strong>caesoribus</strong></span> <span class='ocrx_word' id='word_1_347' title='bbox 519 4063 636 4128; x_wconf 89' lang='lat' dir='ltr'><strong>nostris,</strong></span> <span class='ocrx_word' id='word_1_348' title='bbox 657 4065 713 4120; x_wconf 86' lang='lat' dir='ltr'><strong>rite</strong></span> <span class='ocrx_word' id='word_1_349' title='bbox 733 4073 762 4120; x_wconf 90' lang='lat' dir='ltr'><strong>ot</strong></span> <span class='ocrx_word' id='word_1_350' title='bbox 785 4068 921 4121; x_wconf 88' lang='lat' dir='ltr'><strong>canonice</strong></span> <span class='ocrx_word' id='word_1_351' title='bbox 946 4067 1144 4141; x_wconf 87' lang='lat' dir='ltr'><strong>approbatam,</strong></span> <span class='ocrx_word' id='word_1_352' title='bbox 1168 4087 1186 4123; x_wconf 89' lang='lat' dir='ltr'><strong>a</strong></span> <span class='ocrx_word' id='word_1_353' title='bbox 1211 4075 1344 4143; x_wconf 87' lang='lat' dir='ltr'><strong>tempore</strong></span> 
     </span>
     <span class='ocr_line' id='line_1_41' title="bbox 300 4147 1344 4226; baseline 0.008 -24"><span class='ocrx_word' id='word_1_354' title='bbox 300 4147 514 4203; x_wconf 83' lang='lat' dir='ltr'><strong>“fundationis</strong></span> <span class='ocrx_word' id='word_1_355' title='bbox 536 4165 604 4210; x_wconf 85' lang='lat' dir='ltr'><strong>suae,</strong></span> <span class='ocrx_word' id='word_1_356' title='bbox 629 4156 816 4214; x_wconf 89' lang='lat' dir='ltr'><strong>contuentes;</strong></span> <span class='ocrx_word' id='word_1_357' title='bbox 840 4152 993 4221; x_wconf 87' lang='lat' dir='ltr'><strong>ipsamque</strong></span> <span class='ocrx_word' id='word_1_358' title='bbox 1020 4151 1184 4205; x_wconf 85' lang='lat' dir='ltr'><strong>Ecclesiam</strong></span> <span class='ocrx_word' id='word_1_359' title='bbox 1211 4153 1247 4206; x_wconf 93' lang='lat' dir='ltr'><strong>de</strong></span> <span class='ocrx_word' id='word_1_360' title='bbox 1275 4154 1344 4226; x_wconf 80' lang='lat' dir='ltr'><strong>Wy·</strong></span> 
     </span>
     <span class='ocr_line' id='line_1_42' title="bbox 299 4232 1343 4309; baseline 0.006 -22"><span class='ocrx_word' id='word_1_361' title='bbox 299 4239 317 4261; x_wconf 92' lang='lat'>“</span> <span class='ocrx_word' id='word_1_362' title='bbox 337 4232 504 4293; x_wconf 89' lang='lat' dir='ltr'><strong>muudham,</strong></span> <span class='ocrx_word' id='word_1_363' title='bbox 529 4237 558 4285; x_wconf 83' lang='lat' dir='ltr'><strong>et</strong></span> <span class='ocrx_word' id='word_1_364' title='bbox 581 4235 735 4288; x_wconf 86' lang='lat' dir='ltr'><strong>monachos</strong></span> <span class='ocrx_word' id='word_1_365' title='bbox 759 4234 869 4288; x_wconf 89' lang='lat' dir='ltr'><strong>ibidem</strong></span> <span class='ocrx_word' id='word_1_366' title='bbox 888 4242 1109 4297; x_wconf 84' lang='lat' dir='ltr'><strong>commorantes,</strong></span> <span class='ocrx_word' id='word_1_367' title='bbox 1135 4255 1189 4306; x_wconf 91' lang='lat' dir='ltr'><strong>pro</strong></span> <span class='ocrx_word' id='word_1_368' title='bbox 1210 4242 1343 4309; x_wconf 84' lang='lat' dir='ltr'><strong>tempore</strong></span> 
     </span>
     <span class='ocr_line' id='line_1_43' title="bbox 298 4314 1342 4390; baseline 0.006 -19"><span class='ocrx_word' id='word_1_369' title='bbox 298 4321 318 4344; x_wconf 85' lang='lat'><em>“</em></span> <span class='ocrx_word' id='word_1_370' title='bbox 337 4317 451 4390; x_wconf 78' lang='lat' dir='ltr'><strong>praefati</strong></span> <span class='ocrx_word' id='word_1_371' title='bbox 475 4314 646 4370; x_wconf 86' lang='lat' dir='ltr'><strong>Monasterii</strong></span> <span class='ocrx_word' id='word_1_372' title='bbox 665 4317 700 4371; x_wconf 88' lang='lat' dir='ltr'><strong>do</strong></span> <span class='ocrx_word' id='word_1_373' title='bbox 723 4317 829 4372; x_wconf 85' lang='lat' dir='ltr'><strong>Sancto</strong></span> <span class='ocrx_word' id='word_1_374' title='bbox 848 4318 962 4373; x_wconf 88' lang='lat' dir='ltr'><strong>Albano</strong></span> <span class='ocrx_word' id='word_1_375' title='bbox 986 4319 1141 4375; x_wconf 85' lang='lat' dir='ltr'><strong>monachos</strong></span> <span class='ocrx_word' id='word_1_376' title='bbox 1166 4327 1196 4375; x_wconf 91' lang='lat' dir='ltr'><strong>et</strong></span> <span class='ocrx_word' id='word_1_377' title='bbox 1220 4321 1342 4388; x_wconf 71' lang='lat' dir='ltr'><strong>(lelium,</strong></span> 
     </span>
    </p>
   </div>
   <div class='ocr_carea' id='block_1_5' title="bbox 330 4599 1157 4666">
    <p class='ocr_par' dir='ltr' id='par_1_5' title="bbox 330 4599 1157 4666">
     <span class='ocr_line' id='line_1_44' title="bbox 330 4599 1157 4666; baseline 0.006 -18"><span class='ocrx_word' id='word_1_378' title='bbox 330 4600 381 4649; x_wconf 71' lang='lat' dir='ltr'><strong>&#39;sit</strong></span> <span class='ocrx_word' id='word_1_379' title='bbox 389 4599 412 4648; x_wconf 86' lang='lat' dir='ltr'><strong>is</strong></span> <span class='ocrx_word' id='word_1_380' title='bbox 423 4601 570 4665; x_wconf 75' lang='lat' dir='ltr'><strong>apparently</strong></span> <span class='ocrx_word' id='word_1_381' title='bbox 581 4600 685 4651; x_wconf 82' lang='lat' dir='ltr'><strong>omitted</strong></span> <span class='ocrx_word' id='word_1_382' title='bbox 696 4600 762 4652; x_wconf 75' lang='lat' dir='ltr'><strong>here,</strong></span> <span class='ocrx_word' id='word_1_383' title='bbox 813 4600 818 4666; x_wconf 93' lang='grc' dir='ltr'>Ι</span> <span class='ocrx_word' id='word_1_384' title='bbox 865 4599 1157 4665; x_wconf 59' lang='lat' dir='ltr'><strong>enatiptssanns.</strong></span> 
     </span>
    </p>
   </div>
   <div class='ocr_carea' id='block_1_6' title="bbox 0 0 1524 5452">
    <p class='ocr_par' dir='ltr' id='par_1_6' title="bbox 0 0 1524 5452">
     <span class='ocr_line' id='line_1_45' title="bbox 0 0 1524 5452; baseline 0 1"><span class='ocrx_word' id='word_1_385' title='bbox 0 0 1524 5452; x_wconf 95' lang='lat' dir='ltr'><strong> </strong></span> 
     </span>
    </p>
   </div>
  </div>
 </body>
</html>
