3038 5452
414 726 627 786 sosarmus
649 730 774 789 ssucu
795 731 936 785 metus
1138 726 1201 789 405

147 915 247 1032 'Rani
271 913 561 1004 Archiepisoopum
586 918 843 1001 Armaobanum,
869 920 906 988 in
935 942 1033 991 eausa
1062 922 1136 1002 Dei,
1161 929 1201 990 ut
1231 917 1351 1035 'flfflt
1477 937 1483 943 ’

149 1021 319 1098 eredimus,
350 1024 465 1087 contra
504 1019 639 1088 Fratres
678 1023 900 1101 dimicantem,
938 1025 1077 1094 collecta
1110 1027 1201 1112 juvit
1244 1051 1339 1112 aaut,

151 1121 326 1291 lb‘lfflnba’
347 1123 431 1291 plus
470 1121 511 1194 de
552 1145 611 1193 suo
649 1125 818 1196 conferens
855 1148 954 1212 quam
995 1149 1107 1200 omnes
1143 1130 1201 1197 alii
1231 1118 1352 1237 1326·

150 1245 188 1289 oo
227 1247 279 1291 ere
303 1248 370 1291 an.

149 1489 200 1556 De
218 1489 381 1578 pluribus
402 1490 621 1562 Monaedes
638 1514 703 1582 per
724 1499 952 1562 owmorotosot
965 1493 1137 1579 Abbotoot,
1154 1451 1305 1562 adnm

238 1593 446 1660 ludentium
467 1594 569 1680 Rapis
591 1601 620 1662 et
642 1594 798 1665 aleuas
820 1598 1052 1679 demissorum,
1076 1597 1199 1666 laada

240 1695 354 1763 bilitas
375 1695 554 1763 ⁹oist'totis.

193 1847 335 1917 Tantam
372 1854 483 1917 autem
521 1850 664 1935 gratiam
699 1850 837 1917 donavit
869 1851 1032 1919 Dominus
1070 1852 1197 1919 Abbati
1210 1854 1298 1907 saeos
1336 1925 1341 1935 ‚

146 1957 338 2033 memorato,
375 1959 414 2019 ut
444 1953 480 2018 in
510 1952 601 2021 omui
631 1952 704 2019 vita
737 1974 806 2030 sua,
840 1958 975 2040 propter
1007 1954 1197 2040 opinionem
1209 1922 1361 2052 {effla

146 2055 344 2136 sanctitatis,
367 2061 402 2123 at
437 2055 607 2143 religionis
646 2055 910 2124 observationem
948 2058 1196 2136 sanctissimam,
1209 2071 1273 2132 ’ΨΥ
1282 2057 1344 2111 w¹1¹1

146 2158 371 2244 doctrinaeque
394 2159 575 2236 scientiam,
598 2181 620 2222 a
647 2159 783 2237 eunctis,
805 2164 876 2227 tam
906 2160 1074 2229 monacbis
1098 2122 1341 2246 quamliffil

144 2265 338 2331 canteranum
360 2261 555 2348 religionum
570 2260 815 2347 professoribus,
830 2284 890 2347 pro
912 2262 1042 2348 speculo
1062 2263 1197 2332 habere·

145 2369 225 2445 tur3
247 2364 483 2450 saecularesque
506 2368 690 2450 potestates
712 2363 820 2432 felices
843 2385 876 2430 se
898 2365 1108 2450 reputabant,
1139 2367 1196 2452 qui

144 2466 235 2537 tenti
250 2466 316 2536 viri
337 2466 564 2536 familiaritate
586 2466 711 2553 perfrui
733 2470 920 2554 potuerunt.
966 2467 1042 2553 Ipse
1065 2489 1196 2553 quoque

145 2570 220 2639 Rex
242 2569 425 2639 Edwardus
447 2569 689 2635 illustrissimus
710 2569 781 2654 ejus
803 2590 910 2639 mores
925 2570 1195 2656 amplectebatur,

144 2677 180 2739 et
202 2672 313 2743 virum
340 2695 400 2760 pro
431 2677 484 2740 tot
516 2672 701 2739 virtutibus
729 2672 974 2752 venerabatur;
1003 2672 1092 2740 uude
1119 2691 1335 2760 con-Heissp

143 2775 224 2862 tigit
246 2775 335 2862 quod
365 2797 440 2842 eum
464 2774 506 2840 ad
530 2774 773 2843 reformandam
797 2775 996 2861 religionem,
1021 2796 1103 2861 pene
1130 2759 1363 2877 ‘'Olfflffi,

142 2877 271 2964 lapsam
292 2877 330 2946 in
351 2878 482 2964 magnis
506 2876 718 2944 Monosteriis
742 2876 987 2963 pertinentibus
1014 2877 1115 2962 Regis
1137 2877 1361 2943 ad-theM0nas-

143 2980 320 3058 vocationi,
358 2980 586 3067 praeeligerem
623 3001 759 3047 mouens
797 2979 976 3056 humiliter,
1015 2979 1194 3045 sollicitans
1206 2958 1362 3090 ffissnp‘rh:

143 3082 368 3160 amicabiliter,
384 3087 419 3147 ot
441 3083 618 3169 deprecans
639 3085 835 3162 reverenter,
854 3087 894 3147 ut
915 3081 1136 3160 descenderet,
1159 3087 1194 3147 et
1207 3077 1341 3143 suasos
1372 3104 1376 3113 ·

142 3185 271 3255 videret
292 3189 405 3252 utrum
428 3186 602 3250 clamorem
624 3206 720 3271 opere
743 3183 1002 3270 complevissent,
1025 3187 1065 3251 ut
1088 3204 1194 3251 mores

142 3288 331 3366 instrueret,
362 3288 588 3355 observantias
617 3287 784 3374 regulares
820 3286 1021 3363 institueret,
1051 3286 1190 3353 vitiosos

143 3396 303 3478 argueret,
337 3396 484 3457 errantes
510 3391 696 3477 corrigeret,
720 3390 805 3455 bene
835 3387 971 3455 meritos
1004 3387 1192 3474 honoraret,

141 3493 265 3564 nullius
297 3493 495 3578 jactantiam
532 3492 708 3579 potestatis
752 3494 936 3569 metueret;
974 3490 1096 3577 quippe
1135 3491 1193 3576 qui

142 3595 240 3662 sciret
262 3595 328 3665 sibi
353 3596 497 3682 regalem
520 3595 677 3674 favorem,
699 3592 808 3680 regale
830 3591 1011 3671 consilium,
1034 3599 1069 3661 et
1091 3593 1191 3680 Regis

141 3698 313 3776 auxilium,
336 3698 526 3771 nullatenus
548 3699 745 3764 defuturum

185 3800 320 3869 Talibus
336 3801 437 3888 Regis
451 3801 736 3868 exhortationibus
759 3799 935 3878 animatus,
953 3796 1191 3868 Monasterium
1202 3813 1325 3863 Hadria

140 3903 182 3971 de
204 3903 393 3989 Eynasbam
415 3904 575 3982 visitavit,
597 3909 632 3969 et
655 3904 692 3967 in
716 3924 754 3969 eo
768 3901 961 3987 religionem
984 3900 1120 3969 mirifice
1141 3921 1190 3966 re·
1201 3880 1357 3996 fflfffm'

140 4005 306 4078 semovit.
346 4007 423 4072 Pari
437 4007 541 4073 fultus
557 4006 763 4083 auctoritate,
779 4004 851 4070 loca
865 4003 1004 4069 celebria
1019 4001 1059 4066 de
1074 4001 1190 4086 Abyn-
1201 4012 1337 4077 spatam,

141 4108 226 4173 done
248 4114 283 4174 et
299 4109 340 4174 de
363 4108 456 4174 Bello
471 4109 637 4185 visitavit,
650 4109 687 4171 in
710 4108 830 4194 quibus
844 4106 1016 4172 abusiones
1031 4103 1189 4189 quasdam
1201 4079 1347 4209 ssffiffi

140 4210 328 4289 eradicavit,
352 4217 388 4276 ot
409 4211 542 4276 inolitas
565 4211 823 4287 consuetudines,
851 4208 1053 4273 introductas
1075 4211 1190 4271 contra
1201 4213 1324 4280 Radng.

140 4313 311 4400 Regulam,
328 4313 545 4400 explantavit,
562 4319 596 4378 et
618 4335 678 4399 pro
700 4311 766 4376 illis
789 4311 929 4375 inseruit
950 4309 1052 4373 bonos
1074 4331 1186 4375 morea

558 4473 796 4480 .-—-.-—...——..-
815 4469 1189 4478 ..-——.-—-›—-—-——--..—

177 4554 185 4586 ¹
194 4557 312 4621 peccunia
324 4554 351 4605 in
362 4555 418 4606 MS.
685 4553 781 4613 erased,
792 4553 842 4601 and
853 4552 895 4603 tha
902 4551 951 4602 last
958 4549 1062 4615 syllable
1070 4549 1183 4614 supplied

173 4635 251 4686 ²'I'he
261 4634 420 4687 tenninadon
438 4635 468 4685 of
480 4633 523 4684 the
540 4632 640 4683 wordis
687 4632 712 4681 iu
724 4648 740 4681 a
750 4631 813 4682 later
823 4632 898 4681 band
1186 4657 1189 4661 ·
