3038 5452
318 675 384 739 248
707 685 812 736 unsri
834 685 997 735 semron

152 881 374 945 Riemmllfl‘
389 876 425 939 in
447 875 552 940 forme
582 872 740 960 praedicts
770 872 836 936 fuis
864 871 995 936 seisiius
1028 891 1086 956 per
1117 890 1234 933 munus
1264 867 1377 954 ipsius

187 951 342 1075 ffiffl
367 977 541 1064 ‘Magistri
563 975 727 1041 Johennis
750 981 784 1040 et
806 975 944 1039 eliorum
962 972 1157 1051 tenentium,
1181 976 1220 1036 ub
1235 970 1310 1036 de
1294 992 1376 1056 Jure

200 1083 267 1133 AI)
326 1079 531 1146 “‘ecclesiae
554 1101 620 1144 suae
643 1078 818 1163 praedictae,
840 1081 985 1161 tempore
1008 1076 1105 1162 pecie,
1133 1081 1280 1160 tempore
1305 1071 1376 1135 Do-

175 1153 336 1216 ¹³²⁶⁴⁵W
369 1182 473 1245 ‘mini
505 1180 670 1257 Edwardi‚
701 1200 807 1265 nuper
843 1178 943 1264 Regis
966 1177 1107 1264 Angliae,
1136 1176 1239 1263 petris
1270 1173 1377 1261 Regis

327 1293 344 1319 “
369 1294 485 1362 ‘nunc
508 1290 538 1348 et
560 1289 680 1348 coeteru.
726 1281 772 1345 Ee
794 1282 926 1367 quidum
944 1280 1129 1344 Willelmus
1152 1278 1272 1355 Abbas,
1289 1300 1378 1363 prae-

326 1395 344 1421 “
367 1388 536 1451 ‘decessor
568 1385 721 1470 Hugonis
749 1383 906 1470 praedicii,
941 1382 981 1446 de
1013 1382 1177 1468 praedictis
1209 1380 1307 1446 sectis
1336 1380 1376 1443 in

336 1489 497 1553 “forme
519 1486 677 1574 praedicie
698 1486 763 1551 fuit
793 1485 925 1550 scisitus
955 1507 1014 1570 per
1039 1505 1156 1548 manus
1183 1481 1375 1547 tenentium

368 1600 376 1624 ‘
391 1594 653 1655 tenemenborum
669 1589 909 1677 praedictorum,
922 1588 978 1672 qui
994 1607 1052 1673 pro
1066 1592 1213 1672 tempore
1228 1585 1374 1661 fuerunt,

326 1701 345 1728 “
364 1701 373 1728 ‘
392 1698 431 1757 ui
458 1692 593 1777 dejure
623 1692 764 1756 ecclesiae
794 1712 863 1755 suae
892 1689 1068 1775 praediclae,
1100 1694 1246 1774 tempore
1272 1687 1375 1772 pacis,

327 1803 344 1829 “
367 1800 535 1880 ‘tempore
558 1793 692 1858 Domini
720 1791 886 1868 Edwardi,
911 1791 1077 1876 quondum
1102 1790 1204 1876 Regis
1231 1789 1376 1877 Angue,

326 1906 343 1932 “
366 1897 444 1961 ‘evi
459 1896 594 1961 Domini
617 1896 718 1981 Regis
738 1916 836 1971 nunc,
859 1900 889 1958 cl
911 1901 1034 1959 coetero.
1081 1891 1126 1957 Et
1149 1893 1238 1978 quod
1262 1913 1376 1958 omnes

327 2008 345 2034 “
367 1998 539 2063 ‘Abbetes
575 1997 721 2081 ejusdem
755 1996 905 2073 ecclesiae,
940 1996 1188 2082 praedecessores
1222 1995 1378 2081 praedicti

327 2109 344 2135 “
368 2099 542 2178 ‘Abbeiis
564 2099 605 2164 de
634 2098 800 2184 praedictis
833 2097 930 2163 sectis
963 2098 999 2162 in
1032 2097 1144 2163 cedem
1178 2098 1285 2161 formu
1316 2120 1378 2183 per

327 2211 345 2239 “
367 2211 507 2265 ‘manus
539 2202 727 2266 tenentium
759 2205 1021 2265 tenementomm
1052 2200 1182 2263 illorum
1218 2199 1275 2285 qui
1314 2222 1377 2292 prp

329 2312 346 2338 ‘¹
371 2308 541 2388 ‘tempore
562 2303 694 2380 iruerint,
710 2325 731 2367 a
751 2307 976 2389 temporeque
998 2324 1066 2367 nou
1089 2307 1184 2366 extas
1206 2302 1378 2379 memorie,

329 2411 348 2439 “
370 2404 528 2470 ‘fuerunt
550 2406 663 2482 seisiti,
679 2409 719 2469 ul
742 2405 782 2469 de
810 2405 885 2490 jure
908 2404 1050 2468 ecclesise
1072 2425 1139 2468 suec
1166 2404 1376 2489 suprodictae.

374 2505 523 2570 ‘Dicunt
554 2506 654 2571 etiem
686 2506 827 2593 praecise,
855 2505 942 2591 quod
973 2526 1041 2569 non
1071 2512 1121 2569 est
1150 2504 1238 2569 fraus
1267 2527 1379 2591 neque

330 2617 349 2644 “
371 2607 527 2672 ‘collusio
549 2609 638 2673 inter
660 2614 768 2694 partes
791 2607 969 2693 praedictcs.
1018 2607 1097 2672 Ideo
1119 2607 1179 2673 fiac
1200 2609 1278 2674 inde
1300 2631 1379 2676 exe·

332 2718 349 2744 “
373 2718 381 2743 ‘
403 2710 501 2788 cubic,
524 2716 552 2774 et
575 2710 707 2775 caetcru!

166 2826 313 2890 Praeeipew
379 2823 444 2886 “El
460 2826 580 2907 poslee,
593 2821 784 2886 mandalum
799 2821 864 2885 fuis
875 2821 1066 2887 Vicecomili
1081 2823 1117 2886 in
1133 2823 1202 2888 haec
1212 2823 1316 2888 verbe
1326 2849 1381 2890 :-

165 2890 315 3010 {2⁶32}OE
370 2928 388 2952 ‘⁶
403 2924 574 2987 Edwardus‚
604 2923 659 2978 Dei
686 2924 790 2995 gretie
820 2929 845 2978 ei
867 2929 973 2988 cuma,
999 2924 1172 2980 Vicecomiti
1198 2925 1381 2982 Herlsordiae

166 3027 309 3087 mmm.
335 3009 507 3065 “suluism.
556 3007 632 3064 Cum
660 3009 805 3079 Magister
835 3007 982 3064 Johennes
1013 3009 1197 3079 Beldcwyne‚
1230 3009 1381 3066 chricus

282 3158 288 3170 .
335 3097 353 3121 “
374 3093 575 3168 Aungelberd‚
596 3093 730 3163 Rogerus
749 3092 786 3148 de
811 3093 913 3157 essex,
933 3099 958 3148 el
979 3098 1027 3147 cccl
1028 3112 1085 3157 ero,
1106 3094 1136 3148 in
1155 3092 1246 3148 Curis,
1267 3101 1379 3159 nostre,

252 3232 278 3275 ω
336 3181 354 3204 “
374 3196 472 3233 corum
499 3177 680 3232 Juslicieriis
710 3175 819 3231 nostris
849 3177 927 3248 opud
950 3177 1123 3241 Eborffecum
1149 3178 1319 3233 summoniti
1343 3179 1382 3233 ed

167 3224 314 3341 ΐέἱὲδω
336 3266 353 3290 “
372 3262 608 3333 respondendum
637 3260 745 3315 Abbati
778 3260 878 3315 Sancti
901 3261 1018 3325 Albani,
1048 3263 1083 3316 de
1111 3264 1182 3317 villu
1207 3264 1243 3317 de
1272 3262 1382 3319 Sancto

337 3346 496 3409 A“lben0,
517 3344 554 3400 de
581 3346 687 3439 placito
713 3345 791 3415 quod
817 3345 940 3414 quilibet
966 3364 1067 3400 eorum
1094 3347 1181 3402 fecici
1206 3354 1316 3402 sectam
1344 3349 1384 3404 sd

337 3431 355 3454 “
376 3429 600 3483 molendinum'
592 3429 684 3498 ipsius
701 3426 819 3483 Abusus
837 3428 873 3482 de
891 3429 964 3484 ville
980 3429 1017 3483 de
1037 3430 1141 3485 Sancto
1153 3430 1274 3496 Albano,
1291 3450 1383 3502 quem

338 3513 357 3537 “
377 3510 437 3565 ed
430 3529 526 3582 rpsum
543 3513 638 3565 fecere
660 3510 765 3566 debent
786 3519 815 3566 el
833 3512 941 3566 solent:
963 3519 992 3566 el
1010 3513 1099 3567 iidem
1119 3513 1264 3585 Magister
1282 3522 1313 3571 el
1331 3517 1386 3572 ulii

338 3596 357 3620 “
376 3600 519 3649 venerunt
530 3595 561 3648 in
574 3594 675 3647 eedem
689 3592 779 3649 Curis
790 3601 898 3659 nostre,
913 3603 943 3651 ct
964 3615 1022 3651 non
1041 3596 1215 3652 dedixcrunt
1233 3600 1305 3669 quin
1324 3600 1384 3672 ipsi

339 3681 357 3703 “
377 3675 483 3730 debent
503 3682 533 3730 et
557 3677 651 3731 solent
675 3678 770 3731 fecere
795 3684 904 3734 sectam
925 3680 962 3734 ed
986 3681 1158 3751 praedictum
1181 3681 1384 3739 molendinum

339 3764 357 3787 “
378 3760 470 3829 ipsius
489 3758 631 3824 Abbatis;
650 3760 797 3826 videlicet,
819 3763 943 3833 quilibet
961 3782 1061 3819 eorum
1081 3766 1245 3836 seperatim,
1266 3767 1303 3821 de
1322 3787 1385 3822 om·
1408 3753 1409 3756 Ἴ

340 3847 358 3871 “
378 3843 464 3898 nibus
484 3843 577 3898 bladis
596 3844 758 3898 furniandis
777 3852 806 3899 cl
829 3847 941 3902 brescis
965 3849 1129 3903 brosicndis
1147 3851 1177 3903 in
1199 3867 1251 3903 suo
1270 3869 1386 3907 mesuc-

340 3933 359 3956 “
379 3929 438 3999 gio,
468 3945 534 4002 cum
561 3929 756 3999 pertinentiis,
783 3931 813 3983 in
837 3931 937 3985 cedem
963 3933 1035 3986 ville
1060 3933 1095 3986 dc
1128 3933 1233 3987 Sancto
1256 3933 1383 4001 Albano,

340 4016 359 4040 “
379 4010 457 4083 quod
469 4012 531 4082 ipse
545 4017 635 4066 tenet.
673 4011 731 4065 Per
744 4013 819 4082 quod
832 4014 1045 4070 consideratum
1062 4016 1118 4070 suit
1131 4017 1161 4068 in
1178 4016 1280 4071 ecdem
1294 4019 1386 4074 Curis

340 4101 359 4123 “
378 4102 486 4158 nostre,
513 4095 591 4164 quod
610 4094 767 4166 praedictus
789 4095 887 4151 Abbas
907 4103 1060 4169 recuperet
1078 4117 1181 4154 versus
1203 4117 1252 4154 eos
1273 4110 1385 4159 sectum

340 4185 359 4207 “
380 4195 462 4234 suem
487 4177 666 4248 praedictam.
713 4178 751 4233 nt
777 4181 845 4250 quia
872 4198 924 4250 per
949 4182 1104 4252 quemdem
1127 4182 1267 4250 juratam,
1285 4202 1385 4241 coram

343 4267 361 4290 “
382 4263 490 4317 dilecto
516 4267 546 4315 el
569 4260 648 4316 fideli
669 4271 768 4317 nostro
791 4261 923 4318 Jolienne
948 4264 984 4318 de
1011 4265 1211 4320 Schsrdclowo
1239 4269 1318 4336 opud
1342 4269 1386 4323 Lu

340 4351 360 4374 “
380 4347 488 4400 Burnet
508 4345 576 4399 inde
596 4351 718 4416 cupium,
740 4353 920 4417 compertum
941 4355 986 4402 est
1011 4350 1089 4419 quod
1102 4349 1260 4420 praedictus
1283 4352 1385 4408 Abbes

341 4433 360 4458 “
381 4431 500 4486 seisilus
520 4430 577 4484 suit
593 4429 629 4482 dc
646 4437 725 4483 secte
739 4430 879 4499 praedicte
895 4449 947 4501 per
967 4449 1068 4487 manus
1088 4433 1248 4487 tenentium
1260 4435 1384 4504 predic-

341 4515 360 4538 “
380 4517 486 4573 lorum,
513 4517 643 4582 tcmpore
672 4519 789 4576 nostro;
820 4522 850 4567 et
880 4513 956 4582 quod
984 4516 1129 4583 quondum
1156 4515 1246 4587 Hugo
1270 4517 1381 4583 Abbos,

342 4599 361 4622 “
381 4597 577 4665 predecessor·
608 4614 688 4660 suus,
718 4596 835 4655 scisitus
866 4597 923 4651 fuit
949 4603 1079 4669 tempore
1110 4600 1256 4664 Edwurdi,
1287 4620 1383 4675 nuper
