3022 5460
439 712 651 762 uoutsvnnu
674 713 795 762 sanem
819 714 951 763 taurini.
1174 705 1216 766 35}

171 901 190 924 “
208 899 294 970 plene
312 906 343 955 et
360 900 474 971 integre
492 901 569 956 sicut
586 901 693 970 aliquis
705 901 804 956 Abbas
823 900 956 971 ejusdem
973 899 1030 956 loci
1041 900 1218 956 Abbathiam
1237 903 1374 969 Johnm,

170 985 189 1009 ⁴‘
210 982 291 1037 illam
305 990 336 1039 et
346 985 526 1056 temporalia,
541 985 707 1040 cumrebus
721 985 845 1040 ethonis
863 985 1023 1057 praedictis,
1039 985 1107 1041 sede
1120 986 1215 1056 plena,
1277 973 1338 1021 ²⁵‘h

170 1069 188 1092 ‘⁸
207 1066 356 1138 aliquibus
375 1068 528 1124 retroactis
546 1068 728 1139 temporibus
748 1069 855 1124 habere
875 1076 903 1123 et
927 1076 1028 1125 tenere
1052 1071 1214 1125 consuevit.
1260 1037 1354 1152 ‘wi'

168 1153 187 1176 “
208 1151 255 1206 Ita
276 1152 354 1223 quod
373 1152 437 1223 ipse
449 1152 534 1206 Prior
553 1158 584 1207 et
601 1151 769 1208 Conventus
789 1153 825 1207 de
842 1154 1064 1224 temporalibus,
1083 1161 1113 1209 et
1130 1153 1214 1209 bonis
1227 1140 1381 1222 lato-⁸1:301.
1441 1136 1448 1178 ‘⁴

168 1237 188 1262 ‘⁸
209 1253 243 1291 ac
260 1237 349 1291 rebus
367 1237 444 1300 aliis,
457 1236 574 1307 plenam
586 1253 620 1291 ac
631 1236 756 1291 liberam
775 1237 1057 1293 administrationem
1076 1237 1209 1302 habeant,
1269 1263 1353 1316 -Ιχ

168 1318 239 1371 “et
261 1316 330 1372 inde
351 1316 504 1388 disponam
528 1322 559 1371 et
581 1315 716 1371 ordinare
735 1317 857 1388 possint,
880 1323 969 1388 prout
987 1319 1031 1372 eis
1050 1317 1156 1372 melius
1181 1311 1396 1374 ct⁰⁰¹¹¹P⁰⁸¹⁰⁰¹¹0

167 1401 311 1456 “utilius
329 1399 477 1456 videbitur
495 1400 670 1465 laciendum,
691 1407 721 1455 et
744 1406 833 1472 prout
855 1401 955 1456 Abbas
978 1401 1050 1457 dieti
1067 1402 1124 1457 loci
1144 1402 1211 1457 inde
1223 1371 1350 1487 2202&

167 1485 187 1509 ‘⁶
207 1491 308 1554 posset
325 1483 457 1538 ordinare
486 1490 516 1539 et
539 1483 703 1554 disponere,
729 1485 798 1540 sede
822 1485 926 1556 plena;
961 1485 1051 1540 salvis
1080 1486 1164 1541 nobis
1185 1491 1214 1541 et
1352 1475 1358 1487 ’

167 1570 186 1594 “
207 1567 371 1624 haeredibus
392 1568 501 1623 nostris
520 1568 614 1623 feodis
632 1569 770 1632 militurn,
786 1586 851 1640 quae
863 1575 1000 1624 tenentur
1017 1569 1054 1624 de
1068 1569 1213 1625 Abbathia

165 1653 186 1678 ‘⁶
205 1652 353 1724 praedicta,
385 1658 415 1707 et
444 1651 683 1708 advocationibus
714 1653 916 1717 ecclesiarum,
951 1672 1019 1708 cum
1049 1653 1211 1709 acciderint

166 1739 185 1763 “
205 1736 384 1807 temporibus
395 1737 581 1791 vacationum
593 1736 808 1807 praedictarum.
844 1737 892 1792 Ita
900 1747 1007 1802 tamen,
1022 1737 1099 1808 quod
1112 1755 1212 1792 omnes

166 1822 186 1847 “
205 1820 336 1875 redditus
354 1826 385 1875 et
403 1821 524 1876 servitia
542 1839 646 1885 annua,
667 1820 703 1874 de
725 1820 818 1875 feodis
836 1820 986 1890 praedietis
1005 1821 1036 1875 in
1054 1821 1212 1876 vacationi-

165 1908 185 1932 “
204 1905 258 1960 bus
281 1904 343 1959 illis
364 1904 574 1977 provenientia,
593 1910 763 1959 remaneant
789 1904 887 1959 Priori
905 1911 935 1960 et
953 1904 1117 1960 Conventui
1137 1923 1212 1976 prae·

163 1992 182 2016 “
202 1989 299 2044 dictis.
350 1988 448 2044 Salvis
473 1989 561 2044 etiam
580 1989 663 2043 nobis
689 1995 719 2042 et
745 1988 912 2044 haeredibus
940 1989 1049 2044 nostris
1076 1989 1210 2054 escaetis,

160 2076 180 2100 “
199 2091 273 2144 quus
293 2073 453 2145 contigerit
482 2073 615 2127 accidere
639 2072 822 2144 temporibus
848 2071 1020 2143 praedictis3
1051 2091 1116 2144 quae
1148 2074 1211 2143 qui·

163 2160 183 2184 “
202 2155 269 2213 dem
298 2162 431 2222 eecaetae,
464 2156 591 2226 singulis
620 2155 789 2224 hujusmodi
818 2156 1018 2212 vacationibus
1048 2156 1148 2221 finitis,
1168 2157 1212 2211 vi·

163 2245 182 2268 “
202 2241 318 2306 delicet,
338 2247 405 2313 post
428 2239 601 2296 fidelitatem
617 2240 711 2310 ipsius
736 2257 823 2310 quem
849 2240 930 2311 eligi,
957 2258 1010 2303 seu
1037 2236 1211 2306 confirmari,

163 2328 182 2353 “
202 2344 255 2380 seu
279 2326 401 2398 praefici,
432 2325 591 2396 contigerit
619 2324 651 2378 in
674 2324 828 2389 Abbatem,
858 2325 942 2379 nobis
966 2325 1013 2380 vel
1043 2325 1210 2380 haeredibus

163 2413 182 2438 “
200 2411 310 2466 nostris
328 2411 443 2475 factam,
465 2409 628 2464 liberentur
654 2412 684 2463 et
709 2415 879 2463 remaneant
902 2408 1021 2473 Abbati,
1046 2408 1153 2473 Priori,
1181 2417 1212 2464 et

162 2497 182 2522 “
202 2494 375 2560 Conventui,
390 2501 420 2550 et
437 2493 655 2550 successoribus
674 2492 737 2547 suis
749 2492 821 2547 dicti
834 2492 900 2556 loci,
915 2493 978 2547 sine
999 2493 1148 2548 occasione
1162 2493 1210 2548 vel

163 2582 182 2606 “
201 2579 410 2651 impedimento
427 2578 520 2633 nostri
538 2578 586 2633 vel
605 2576 756 2632 haeredum
768 2583 935 2632 nostrornm
948 2594 1209 2648 quorumeunque;

163 2667 182 2692 “
201 2663 348 2719 reddendo
365 2662 450 2718 nobis
468 2668 499 2717 et
517 2661 682 2717 heredibus
707 2661 816 2717 nostris
834 2679 887 2732 pro
909 2660 1040 2731 qualibet
1058 2662 1210 2716 vacatione

163 2751 183 2775 ‘⁴
202 2748 364 2811 Abbathiae,
379 2747 441 2803 sive
454 2746 606 2801 duraverit
617 2763 670 2817 per
682 2763 790 2800 annum
802 2745 960 2815 integrum,
975 2745 1038 2801 sive
1048 2762 1101 2817 per
1113 2746 1210 2800 minus

162 2835 182 2859 ‘⁶
202 2839 326 2903 tempus,
344 2830 427 2885 mille
444 2847 567 2895 marcas,
587 2829 664 2883 infra
682 2846 791 2883 annum
809 2847 826 2883 a
843 2835 1045 2900 temporeque
1062 2829 1211 2885 Abbathia

162 2919 182 2943 “
201 2916 255 2971 illa
282 2933 385 2971 vacare
416 2914 539 2985 coeperit
568 2912 802 2984 computandam
833 2912 981 2976 videlicet,
1014 2913 1209 2984 quinquentas

162 3003 314 3055 “marcas
347 3000 378 3053 in
409 2999 466 3053 fine
495 2998 583 3068 primi
608 2997 723 3051 dimidii
756 2997 824 3050 anni
848 2994 948 3063 ¹illius,
974 3002 1004 3051 et
1033 2999 1208 3069 quingentas

160 3087 180 3113 “
199 3101 313 3138 marcas
331 3084 363 3137 in
381 3083 437 3136 fine
456 3081 590 3152 ejusdem
608 3082 684 3135 anni.
729 3081 768 3135 Et
786 3080 812 3134 si
830 3081 905 3134 forte
923 3082 1035 3136 vacatio
1052 3082 1209 3137 Abbathiae

161 3169 180 3196 “
200 3166 281 3222 illius
308 3166 461 3221 duraverit
478 3165 558 3220 ultra
575 3182 692 3229 annum,
712 3170 782 3219 tunc
800 3164 957 3234 praedictus
977 3165 1072 3230 Prior,
1086 3172 1116 3221 et
1135 3167 1209 3222 Gon-

161 3253 181 3277 “
199 3256 314 3315 ventus,
329 3250 461 3322 proximo
479 3267 553 3303 anno
573 3250 689 3318 integro
706 3249 850 3318 sequenti,
865 3250 891 3303 si
908 3253 989 3304 tanto
1007 3258 1138 3322 tempore
1157 3250 1209 3305 du·

161 3338 180 3362 “
199 3334 321 3400 raverit,
345 3334 459 3390 solvant
476 3333 560 3387 nobis
581 3339 611 3388 et
627 3331 793 3388 heredibus
811 3333 920 3388 nostris
938 3332 1020 3388 mille
1039 3352 1152 3391 marcas
1171 3336 1209 3392 ad

161 3423 180 3448 ‘⁸
200 3419 340 3475 terminos
358 3418 532 3489 praedictos;
558 3423 588 3472 et
611 3417 653 3471 sic
677 3434 731 3488 pro
757 3417 889 3486 quolibet
912 3435 986 3472 anno
1007 3417 1123 3491 integro
1141 3428 1210 3493 post

160 3506 179 3531 ‘⁶
198 3503 329 3575 primum
348 3520 464 3565 annum,
482 3500 605 3554 durante
623 3500 774 3555 vacatione
793 3500 942 3571 praedicta,
962 3500 998 3554 ad
1015 3502 1133 3558 eosdem
1149 3511 1208 3560 ter-

159 3591 179 3614 ‘⁸
199 3586 294 3641 minos
305 3585 387 3640 mille
399 3602 520 3638 marcas.
560 3583 599 3638 Et
612 3583 638 3638 si
650 3584 729 3639 ultra
747 3602 856 3638 annum
873 3584 1032 3655 integrum,
1050 3587 1099 3641 vel
1117 3606 1207 3646 annos

159 3674 178 3699 “
198 3672 340 3740 integros,
363 3667 514 3723 duraverit
537 3666 643 3721 minori
669 3673 801 3738 tempore
820 3685 908 3738 quam
925 3686 979 3740 per
998 3686 1114 3735 annum,
1137 3678 1207 3729 tunc

158 3758 178 3784 “
198 3773 252 3827 pro
279 3754 331 3809 illo
356 3751 461 3807 minori
484 3758 625 3822 tempore,
645 3750 682 3805 de
706 3751 855 3822 praedictis
875 3753 958 3807 mille
978 3755 1085 3810 marcis
1109 3757 1228 3814 minus*

160 3842 179 3867 ‘⁴
199 3857 252 3910 pro
263 3844 329 3893 rata
346 3836 486 3907 temporis
504 3835 586 3889 illius
605 3835 893 3905 proportionabiliter
904 3837 988 3892 nobis
1007 3837 1129 3894 solvent.
1167 3842 1207 3898 Et

159 3926 178 3950 “
198 3922 334 3977 volumus
364 3926 395 3975 et
417 3918 611 3983 concedimus,
642 3936 696 3989 pro
720 3919 805 3974 nobis
836 3927 866 3975 et
895 3920 1060 3977 haeredibus
1087 3927 1204 3990 nostris,

160 4009 180 4033 “
200 4004 278 4076 quod
289 4004 424 4077 praedicti
441 4003 541 4057 Abbas
563 4008 593 4056 et
614 4001 790 4067 Conventus,
813 4010 842 4058 et
861 4022 961 4058 eorum
974 4024 1157 4064 successores
1176 4011 1207 4064 in

147 4091 178 4123 ·“
198 4095 382 4160 perpetuum,
395 4086 521 4141 habeant
533 4091 564 4140 et
575 4091 694 4141 teneant
712 4086 874 4141 custodium
885 4088 1041 4145 Abbathiae
1058 4092 1206 4162 praedictae

161 4174 181 4199 “
201 4172 327 4244 singulis
345 4171 526 4242 temporibus
538 4171 722 4225 vacationum
735 4170 876 4241 ejusdem,
890 4172 921 4225 in
940 4173 1033 4229 forma
1049 4176 1206 4246 praedicta3

161 4258 180 4283 “
199 4256 241 4310 ite
262 4255 342 4327 quod
366 4254 465 4309 nullus
483 4253 668 4320 Vicecomes,
687 4254 837 4318 Escaetor,
870 4272 922 4309 seu
942 4256 1108 4328 quicunque
1129 4260 1206 4317 alius

161 4343 181 4367 “
199 4340 336 4404 ballivus,
364 4338 413 4395 vel
439 4338 584 4405 minister,
606 4340 699 4395 nostri
722 4340 770 4394 vel
794 4340 1141 4410 haeredumnostrorum,
1170 4346 1206 4402 de

162 4427 181 4452 ‘⁶
200 4423 335 4480 custodia
352 4423 507 4479 Abbathioe
525 4423 682 4495 praedictae,
703 4442 755 4480 seu
779 4423 930 4479 Oellarum
954 4444 1083 4493 suarum,
1109 4445 1206 4486 mane-

161 4511 181 4535 ‘⁴
199 4509 320 4573 riorum,
347 4515 399 4564 aut
424 4509 550 4564 aliarum
574 4527 683 4574 rerum,
712 4527 764 4564 seu
789 4509 930 4564 bonorum
955 4528 1205 4585 quorumcunque,

162 4594 181 4619 “
201 4593 237 4648 ad
255 4593 365 4648 dictam
390 4592 567 4648 Abbathiam
593 4612 646 4648 seu
664 4593 760 4650 Cellas
779 4594 973 4664 spectantium
992 4614 1069 4659 suas,
1090 4616 1207 4670 quoquo

1054 4695 1076 4742 G
