3038 5452
303 675 367 737 352
682 684 787 733 oum
809 683 976 735 sanim

154 865 273 926 Μὶθῑὶῑθῐ,
304 876 323 899 “
342 872 490 935 Editur-di,
506 871 651 943 quondum
670 872 762 943 Regis
781 871 908 943 Angliae,
922 870 969 925 avi
988 868 1091 932 nostri,
1105 875 1208 924 ootaro
1226 868 1357 931 decimo,

343 956 380 1009 nd
399 954 539 1010 similium
558 956 728 1025 hujusmodi
745 956 783 1010 ad
801 964 919 1010 centum
938 953 1047 1009 solidos
1066 971 1199 1007 assessus
1218 953 1294 1017 tuin
1320 951 1360 1006 de

184 933 246 982 Μ

178 1064 246 1115 ΑΙ).

162 1000 260 1058 isso,
304 959 324 1068 ζζ

344 1043 451 1111 quibus
475 1041 592 1113 quidem
617 1048 734 1096 centum
761 1042 862 1097 solidis
881 1041 992 1096 dudum
1009 1039 1110 1095 Abbas
1135 1040 1193 1094 loci
1219 1036 1360 1110 praedicti

153 1134 275 1182 laat-tu.
305 1128 324 1151 ‘⁴
344 1125 555 1189 allocutionem,
583 1125 694 1181 virtute
715 1125 869 1196 eujusdam
900 1125 1048 1196 generalis
1074 1121 1295 1194 perdonationis
1320 1119 1359 1174 do

305 1212 324 1237 “
344 1210 478 1265 omnibns
503 1208 611 1265 debitis
641 1209 737 1264 eidem
762 1208 873 1264 dudum
899 1208 1009 1264 Abbati
1038 1225 1091 1279 per
1121 1206 1234 1262 dietum
1264 1222 1358 1261 avum

305 1295 324 1319 “
343 1299 476 1348 nostrum
494 1293 579 1348 saotae
596 1293 723 1356 ineante,
743 1292 872 1349 obtinuit
885 1292 998 1362 justam
1016 1290 1251 1346 exonerationem
1269 1305 1358 1344 suam

305 1378 324 1402 “
344 1376 376 1430 iu
391 1376 447 1430 hae
464 1382 558 1446 parte,
577 1383 666 1447 prout
679 1377 761 1446 juste
780 1375 864 1430 etde
887 1376 956 1446 jure
982 1375 1087 1447 potuit,
1105 1373 1228 1428 minime
1254 1387 1360 1443 prose·

304 1461 324 1486 “
344 1458 475 1530 quendo;
495 1466 612 1514 eentum
624 1459 732 1515 solidos
750 1459 787 1514 ab
806 1459 909 1515 eodem
926 1477 1003 1514 nuno
1021 1458 1147 1522 Abbate,
1166 1474 1221 1529 pro
1238 1455 1357 1511 duobus

304 1542 436 1598 “feodis
460 1543 589 1597 militum
615 1549 646 1598 et
668 1543 800 1608 dimidio,
826 1544 939 1599 ratione
965 1543 1173 1605 maneriorum,
1192 1549 1356 1606 terrarum,

305 1630 375 1681 “et
406 1632 637 1682 tenementomm
675 1627 892 1699 praediotorum,
924 1645 977 1699 per
1015 1644 1122 1698 graves
1152 1625 1356 1680 disuiotiones

305 1713 324 1738 ‘¹
343 1711 474 1781 exigimt,
494 1711 649 1781 ipsumque
668 1729 704 1765 ea
729 1712 880 1767 ooossione
903 1710 1107 1782 multipliciter
1131 1709 1300 1781 inquietant
1323 1714 1358 1764 et

304 1797 324 1821 ‘⁶
342 1796 506 1860 molestant,
520 1795 552 1849 in
569 1795 663 1866 ipsius
675 1794 808 1860 Abbatis,
828 1801 858 1850 et
876 1796 1008 1851 eeclesiis
1024 1812 1085 1850 suae
1096 1793 1248 1865 predicte,
1261 1809 1355 1864 grove

302 1881 322 1905 “
341 1878 489 1944 damnum,
509 1890 540 1935 et
556 1878 762 1950 praejudicium
779 1880 987 1945 manifestum
1007 1895 1097 1950 super
1109 1893 1168 1948 quo
1185 1877 1272 1932 nobis
1285 1894 1356 1947 sup·

301 1965 320 1990 ‘¹
340 1963 461 2034 plicavit
481 1964 539 2018 sibi
565 1980 618 2035 per
636 1982 689 2018 nos
707 1963 744 2017 de
769 1962 899 2018 remedio
920 1962 1068 2033 provideri
1079 1960 1198 2025 2-Nos,
1217 1960 1354 2016 nolentes

301 2050 320 2074 “
339 2047 435 2102 eidem
451 2047 569 2110 Abbati,
589 2064 642 2101 seu
660 2047 792 2102 ecelesiae
818 2065 879 2102 suae
905 2046 1063 2118 pradiotae,
1090 2044 1237 2116 injuriari,
1267 2044 1354 2100 etde

300 2130 478 2186 “fidelitate
503 2137 533 2185 et
560 2129 706 2184 industria
723 2130 831 2185 vestris
858 2129 990 2202 plenarie
1009 2128 1198 2192 confidentes,
1219 2128 1354 2200 assigna-

300 2217 319 2241 “
339 2214 436 2269 vimus
454 2232 506 2268 vos
534 2214 572 2268 ad
592 2214 801 2284 inquirendum
819 2232 909 2286 super
933 2214 1105 2284 praemissis,
1124 2219 1278 2267 eteorum
1295 2213 1353 2267 eir·

300 2300 319 2324 “
339 2298 534 2360 constantiis,
547 2315 601 2369 por
613 2306 829 2352 sacramentum
840 2298 983 2353 bonorum
995 2303 1027 2352 et
1042 2296 1186 2369 legalium
1198 2297 1353 2351 hominum

300 2384 319 2407 “
340 2380 503 2436 Comitatus
520 2381 766 2452 Bnlrynghamiae‚
785 2400 839 2454 por
858 2400 931 2454 quos
954 2382 998 2436 rei
1017 2383 1129 2438 veritas
1152 2381 1262 2436 melius
1281 2380 1353 2436 seiri

301 2468 320 2490 “
340 2465 458 2536 poterit,
472 2469 503 2520 et
514 2465 634 2536 inquiri,
650 2465 737 2536 juxta
754 2473 886 2521 tenorem
903 2464 1029 2530 recordi,
1049 2472 1080 2520 et
1097 2482 1254 2537 processus
1272 2464 1350 2529 inde,

302 2551 320 2574 “
341 2566 430 2618 quem
455 2548 538 2604 vobis
569 2549 624 2603 sub
654 2549 728 2619 pede
760 2548 853 2619 sigilli
884 2549 956 2604 dicti
987 2548 1133 2604 Scacoarii
1163 2549 1268 2614 nostri,
1300 2565 1352 2620 pro

302 2634 321 2657 ‘¹
340 2632 456 2688 meliori
484 2633 687 2688 informatione
714 2632 847 2687 habenda
873 2634 951 2697 inde,
971 2651 1039 2688 cum
1065 2633 1262 2705 praesentibus
1286 2633 1352 2687 mit·

302 2716 429 2772 “timus
460 2715 682 2785 inspiciendum.
726 2717 766 2771 Et
797 2716 863 2771 ideo
886 2717 970 2772 vobis
1000 2717 1183 2782 mandamus,
1205 2716 1286 2787 quod
1315 2714 1350 2770 ad

300 2802 319 2826 “
338 2807 433 2855 certos
451 2799 531 2854 diem
548 2800 702 2864 stlocum,
724 2818 796 2872 quos
815 2799 853 2854 ad
876 2800 930 2855 hoc
949 2800 1149 2872 provideritis,
1169 2817 1261 2871 super
1279 2816 1350 2871 pra·

301 2886 319 2909 ‘⁶
339 2885 447 2946 missis
479 2890 509 2938 et
547 2901 647 2938 eorum
678 2883 916 2947 circumstantiis,
953 2884 1039 2953 juxta
1074 2890 1207 2938 tenorem
1236 2881 1348 2938 recordi

301 2970 320 2993 “
339 2968 483 3039 praedicti,
503 2967 662 3038 diligenter
675 2968 830 3039 inquiratis
849 2968 880 3021 in
898 2965 1162 3038 sorms'praedieta3
1180 2972 1212 3022 et
1229 2966 1350 3038 inquisi-

300 3053 320 3078 “
338 3052 448 3106 tionem
466 3052 542 3115 inde,
556 3069 654 3107 coram
665 3052 749 3106 vobis
762 3051 897 3106 distincte
916 3057 947 3106 et
964 3058 1064 3122 aperte
1082 3058 1206 3122 captam,
1220 3050 1349 3106 habeatis

301 3140 319 3162 “
339 3136 376 3190 ad
393 3136 505 3190 dictum
519 3135 705 3191 Scacoarium
722 3141 855 3189 nostrum
868 3135 945 3205 apud
957 3135 1262 3200 westmonasterium,
1276 3152 1294 3189 a
1304 3133 1348 3188 die
1441 3186 1444 3191 ⁴

302 3220 442 3275 “Sancti
468 3219 591 3274 Hillarii
621 3220 652 3274 in
683 3218 850 3290 quindecim
881 3218 954 3282 dies,
986 3219 1041 3274 snb
1070 3219 1170 3290 sigillo
1188 3226 1299 3283 restro,
1322 3227 1349 3271 et

301 3306 321 3330 “
341 3304 451 3374 sigillis
469 3321 571 3358 eorum
589 3322 642 3374 per
662 3322 734 3374 quos
753 3303 831 3358 sucta
856 3303 955 3358 luerit.
993 3304 1034 3357 Et
1050 3304 1105 3357 hoo
1123 3303 1214 3358 breve
1233 3301 1346 3357 manda·

301 3389 320 3412 “
339 3388 437 3442 rimus
456 3387 522 3452 ¹N,
542 3387 716 3443 Vioeoomiti
742 3396 841 3442 nostro
860 3386 1024 3442 Comitatus
1050 3386 1194 3457 praedicti,
1215 3386 1294 3457 quod
1315 3382 1348 3439 ad

302 3472 321 3495 “
340 3477 435 3525 certos
454 3470 532 3524 diem
550 3477 581 3525 et
599 3471 703 3535 locum,
723 3489 794 3542 quos
812 3472 840 3525 ei
859 3470 935 3525 scire
954 3471 1068 3526 facietis
1087 3477 1224 3542 exparte
1242 3476 1346 3531 nostra,

302 3556 321 3580 “
340 3553 441 3609 venire
459 3555 658 3610 iaciatooram
669 3555 752 3610 vobis
767 3555 915 3624 juratores
934 3552 1134 3625 inquisitionis
1146 3549 1347 3626 praediotwd

303 3639 320 3662 “
339 3635 501 3691 faciendam
531 3637 599 3692 inde
625 3638 764 3707 juratam.
809 3638 846 3692 ln
874 3638 960 3708 cujus
984 3640 1027 3693 rei
1058 3639 1271 3703 testimonium,
1301 3637 1346 3691 has

303 3721 322 3744 “
342 3718 455 3773 litteras
473 3726 588 3774 nostras
607 3720 671 3774 lieri
689 3721 813 3775 fecimus
832 3727 974 3792 patentes.
1012 3722 1100 3776 'l'este
1113 3720 1149 3775 G.
1161 3721 1199 3775 de
1214 3718 1345 3782 Wilsord,

302 3802 419 3873 “apud
448 3803 750 3868 westmonasterium,
784 3806 925 3860 vicesimo
956 3806 1058 3876 quinto
1088 3804 1136 3859 dio
1166 3804 1346 3865 Novembris,

305 3891 324 3913 “
343 3904 418 3941 auno
434 3889 521 3957 regni
533 3888 625 3942 nostri
637 3886 755 3959 Angliae
766 3889 924 3953 tricesimo,
936 3890 1022 3960 regni
1034 3906 1104 3944 vero
1115 3890 1209 3944 nostri
1222 3888 1346 3944 ffinnoiae

307 3974 325 3997 “
346 3978 448 4027 octavo
466 3970 608 4025 decimo.''

427 4137 431 4142 .
452 4135 659 4145 -——·-—--·—-——
667 4135 724 4141 -..-

747 4244 925 4297 ¹.n.inMS.
