3038 5452
399 212 703 291 APPENDIX
734 213 820 291 (A.)

393 559 449 609 MS.
463 559 583 610 Claudius
593 561 624 610 Ε.
639 559 673 609 ir.
690 558 732 609 fol.
745 564 793 612 368
803 575 824 608 a.

81 699 217 786 incipit
238 698 405 784 Proloyoa
429 696 735 764 ¹Oonatitutionwm
757 697 985 782 Spuodoliwm
1006 697 1123 764 Jam-

174 799 339 867 dictiouia
354 799 473 866 Sorwti
487 799 628 877 Albuci,
640 821 705 886 per
718 799 922 866 venerabiles
931 806 1047 886 patrea
1061 799 1124 865 Ri-

172 902 316 970 cavdmm
338 908 368 968 et
389 899 597 979 Michaelem,
619 900 760 968 Attatea
781 899 919 978 ibidem,
942 900 1122 966 editorum.

120 1067 139 1092 “
156 1062 323 1134 Cupientes,
343 1067 377 1117 ut
393 1079 446 1116 uos
465 1061 594 1132 suscepti
611 1061 765 1132 regiminis
784 1079 855 1116 cura
872 1061 1021 1125 sollicitat,
1035 1065 1123 1114 mate-

86 1151 104 1174 “
122 1147 198 1202 riam
216 1145 344 1201 scandali
371 1145 447 1200 inter
464 1145 597 1200 ²nostros
624 1144 756 1200 subditos
777 1149 938 1210 ’amovere
963 1162 996 1199 ac
1023 1161 1123 1198 eorum

83 1231 243 1286 “utilitati
271 1237 301 1285 et
327 1229 471 1284 honestati
496 1247 573 1284 nunc
600 1247 742 1284 uovorum
772 1230 899 1284 editione
931 1229 1122 1289 Statutorum,

85 1320 103 1342 “
121 1333 199 1370 nunc
217 1316 402 1385 antiquorum
420 1314 605 1380 innovatione
633 1332 685 1369 seu
703 1315 891 1378 correctione,
912 1313 1036 1368 sollicite
1060 1330 1125 1383 pro·

85 1404 103 1426 ‘⁶
122 1398 232 1461 videre,
252 1415 352 1453 verum
371 1398 441 1468 quia
458 1397 577 1452 domum
595 1397 652 1452 Dei
670 1398 753 1453 decet
771 1397 945 1459 sanctitudo,
971 1404 1001 1452 et
1025 1396 1125 1460 minia-

84 1487 102 1509 “
122 1483 177 1536 tris
189 1482 253 1552 ejus
264 1481 373 1536 dicitur
385 1499 403 1535 a
415 1480 599 1545 Domino-⁴
611 1480 728 1536 ‘Sancti
741 1487 842 1547 estote,
857 1482 927 1553 quia
938 1499 994 1552 ego
1007 1488 1124 1537 sanctus

84 1570 103 1593 ‘⁶
124 1566 241 1632 ‘sum3’
259 1565 369 1620 idcirco
396 1565 426 1620 in
453 1566 556 1637 primis
575 1567 686 1620 animos
712 1571 868 1631 rectorum,
889 1567 1075 1630 vicariorum,
1096 1574 1126 1620 ct

85 1653 103 1676 “
123 1650 360 1722 presbyterorum
377 1650 599 1721 parochialium,
614 1649 774 1705 studiosius
793 1651 919 1717 excitare
937 1651 1069 1706 volentes
1089 1652 1126 1705 ad

84 1739 103 1761 “
123 1752 159 1789 ea
176 1751 241 1805 quie
265 1734 361 1804 magis
387 1734 496 1788 nostris
521 1733 702 1804 temporibus
721 1735 877 1806 expediunt
895 1735 1062 1799 exercenda,
1082 1735 1126 1789 cis

85 1821 104 1846 “
123 1817 257 1873 omnibus
288 1819 395 1889 quibus
424 1817 569 1871 incumbit
597 1818 731 1888 regimen
760 1819 932 1883 animarum,
959 1819 1014 1873 hac
1044 1835 1128 1872 sacra

85 1905 105 1929 “
125 1901 264 1973 Synodali
292 1901 506 1957 Constitutione
533 1901 653 1973 provide
680 1902 816 1957 duximus
843 1902 1065 1973 injungendum,
1094 1908 1127 1955 ut

86 1990 105 2014 ‘¹
125 1985 225 2058 plebes
251 1985 308 2041 sibi
333 1985 513 2049 commissas,
534 1985 664 2055 exemplo
680 1985 763 2040 muas
782 1986 1018 2049 conversationis,
1037 1984 1128 2040 verbo

85 2073 104 2097 “
124 2069 340 2132 exhortationis,
360 2069 391 2122 in
409 2068 465 2122 fide
483 2074 564 2122 recta
582 2067 706 2123 etbonis
719 2068 859 2134 moribus,
879 2069 1038 2124 secundum
1050 2069 1128 2139 quod

86 2157 105 2182 “
125 2154 169 2209 cia
187 2154 277 2208 inerit
287 2153 471 2223 inspiratum,
485 2151 644 2221 diligenter
656 2151 803 2207 instruant
814 2158 845 2207 et
857 2154 1022 2216 informent,
1037 2154 1127 2208 eccle-

86 2240 105 2264 “
126 2236 252 2292 siasticis
270 2237 372 2291 officiis
385 2241 416 2290 et
427 2236 494 2290 aliia
512 2236 596 2290 bouis
616 2236 753 2306 operibus
772 2254 804 2291 se
816 2243 977 2301 exerceant,
991 2238 1128 2293 orationi·

86 2324 107 2348 “
124 2321 180 2375 bus
198 2327 228 2375 et
246 2320 337 2375 sacris
355 2319 596 2375 meditationibus
618 2320 733 2390 jugiter
750 2326 855 2376 vacent
872 2326 902 2376 et
919 2321 1086 2386 intendunt3
1111 2339 1129 2376 u

87 2408 105 2431 “
124 2404 244 2475 crapula
261 2422 385 2475 quoque,
406 2408 437 2458 et
454 2403 604 2467 ebrictate,
618 2421 652 2458 ac
671 2404 759 2459 etiam
777 2405 854 2468 aliis,
869 2423 934 2476 quoe
945 2405 1127 2461 honestatem

87 2491 105 2515 ‘⁴
126 2505 226 2543 eorum
245 2487 417 2551 deformant,
437 2503 537 2542 omues
555 2487 672 2541 omnino
697 2488 798 2543 clerici
823 2488 1004 2556 abstineant;
1024 2490 1129 2545 illicita

87 2574 107 2598 “
127 2571 292 2643 spectacula
318 2589 438 2643 prorsus
464 2573 583 2636 evitent,
604 2570 738 2626 tabernas
765 2578 796 2627 et
811 2565 973 2628 'inhonesta
996 2574 1130 2629 convivia

86 2659 106 2682 “
125 2672 182 2709 uon
199 2656 393 2727 frequentent.
431 2654 479 2710 Ad
496 2655 575 2710 aleas
593 2655 641 2711 vel
659 2656 773 2711 taxilles
791 2673 848 2711 non
865 2656 978 2721 ludant,
998 2676 1051 2713 nec
1063 2659 1129 2713 aliis

87 2743 107 2766 “
126 2739 292 2795 ludentibus
310 2739 468 2811 participes
486 2746 539 2795 aut
555 2740 733 2811 inspectores
751 2740 830 2806 flant,
851 2742 905 2798 sub
923 2760 1009 2813 poena
1023 2743 1109 2813 juris.

273 2970 323 3035 De
345 2970 525 3039 commite
547 2971 740 3039 Mrdierum
755 2973 946 3059 sopiendis.

120 3130 141 3156 “
160 3127 308 3184 Ceterum
327 3129 397 3200 quia
413 3136 482 3185 vota
498 3134 607 3194 nostra,
623 3129 710 3200 juxta
726 3128 906 3202 ‘Scriptura
918 3131 1128 3196 testimouium,

87 3217 106 3240 ‘¹
126 3218 261 3268 tenemur
278 3213 403 3268 reddere
422 3213 485 3269 Deo
502 3219 613 3279 nostro,
633 3214 791 3270 salubriter
808 3215 944 3272 duximus
963 3216 1132 3287 praecipieu·

1060 3371 1118 3378 --..—

116 3430 322 3497 'Sceptgeiol
341 3440 406 3483 oute.
668 3430 924 3483 ²umoereiuMS.

116 3511 585 3579 ’Omittediutbetextnuppliedin
668 3509 862 3564 weram.

83 3590 464 3657 tbmssiminaleterbaud
667 3587 859 3640 ‘Paulis
