3038 5452
416 708 626 763 uoulsruau
648 712 771 763 sanun
793 711 928 764 masur
1130 703 1194 768 213

142 907 164 936 “
188 899 260 966 sine
283 900 354 986 ejus
368 899 567 988 praejudicio,
582 903 729 966 vestrum
743 901 856 967 audire
878 901 1057 967 consilium.
1098 901 1193 981 Quod
1206 907 1365 973 nicharon,

141 1009 162 1040 “
187 1005 217 1068 si
241 1004 447 1090 probandum
470 1004 580 1080 tuerit,
602 1026 669 1070 sum
690 1004 875 1071 voluntatis
899 1005 1023 1082 extitit,
1044 1026 1118 1070 cum
1141 1027 1194 1071 eo·
1235 977 1331 1103 Affi

143 1112 164 1142 “
189 1107 265 1171 dem
288 1105 445 1171 libentius
468 1107 602 1192 operari
650 1105 740 1187 Quid
761 1107 866 1194 igitur
886 1106 981 1174 vobis
1003 1107 1138 1174 videtur
1152 1106 1195 1172 l’'
1251 1108 1321 1160 Μ).

146 1208 287 1275 Cunctis
309 1214 421 1274 autern
443 1208 653 1294 stupentibus
684 1209 725 1274 de
755 1209 905 1274 novitate
932 1210 989 1287 rei,
1013 1214 1113 1296 atque
1144 1215 1194 1275 ta·
1226 1180 1347 1281 ¹³.²E³⁵·

144 1310 308 1391 centibus,
323 1311 424 1399 coepit
438 1314 518 1375 vota
539 1311 744 1399 singularum
766 1311 941 1396 inquirere,
958 1317 993 1377 et
1015 1311 1051 1377 in
1074 1313 1195 1400 scripta
1208 1307 1356 1387 simonos

145 1413 304 1502 redigere,
318 1419 477 1500 tanquam
499 1413 662 1500 perviam
685 1412 837 1480 scrutinii
858 1434 1089 1499 processurus3
1112 1436 1194 1502 qua-
1204 1390 1346 1506 ssssym’ffiffi

145 1538 223 1581 rum
244 1515 416 1594 sexdecim,
432 1520 467 1581 et
489 1537 527 1582 eo
550 1516 699 1603 amplius,
722 1515 760 1580 in
782 1514 874 1581 illam
889 1515 1081 1603 praedictam
1105 1538 1193 1582 soro·
1205 1508 1297 1624 panes
1307 1508 1335 1558 ⁵¹¹

145 1640 218 1684 rem
239 1624 319 1685 vota
341 1640 400 1683 sua
422 1618 578 1683 fixerunt.
1205 1574 1333 1692 Amprdpf

193 1720 277 1786 Erat
298 1727 379 1787 tuno
400 1721 489 1785 inter
510 1721 584 1785 illas
606 1719 757 1805 quaedam
779 1719 932 1806 religiosa
953 1720 1097 1800 foemina,
1119 1743 1193 1807 quae
1206 1707 1353 1774 Hskeneye.

147 1823 293 1889 multum
314 1823 444 1890 zelabat
466 1845 526 1911 pro
549 1822 712 1909 religione,
736 1827 771 1887 et
801 1823 874 1909 plus
904 1822 1031 1889 cunctis
1058 1797 1357 1928 eaeterisilfflssne.

148 1948 226 2011 quae
248 1925 458 1992 laudabiliter
480 1925 560 1991 satis
584 1924 815 2012 Suppriorissae
848 1923 1001 2010 implevit
1031 1923 1172 1990 officium
1184 1930 1322 2006 ;thesuu

147 2027 185 2091 in
208 2027 300 2113 cujus
322 2048 493 2114 personam
507 2027 567 2092 vix
581 2039 649 2094 tres
663 2027 847 2092 consentire
861 2026 1047 2095 voluerunt.
1084 2025 1191 2107 Hanc,
1203 1997 1363 2128 grpiffiup,

147 2133 322 2215 postquam
346 2129 491 2194 audisset
511 2133 592 2194 vota
615 2133 815 2210 cunctarum,
840 2128 942 2209 Prior,
971 2128 1103 2194 nomine
1124 2128 1192 2193 Ab·
1205 2132 1293 2194 1>⁰1t0d
1303 2133 1338 2199 by

148 2230 245 2308 batis,
269 2231 307 2296 in
329 2231 520 2299 Priorissam
543 2230 699 2317 praefecit,
715 2237 758 2311 et,
779 2231 885 2318 ipsam
907 2252 1083 2311 assumens,
1092 2231 1194 2318 juxta
1205 2196 1362 2318 fflsssffi„

148 2334 243 2400 sein
266 2332 420 2420 Capitulo
443 2333 553 2399 sedere
576 2333 676 2413 secit3
706 2337 741 2397 et
769 2337 884 2419 posteo
912 2332 950 2397 in
972 2332 1107 2398 chorum
1137 2332 1194 2398 ad-
1206 2328 1329 2409 ⁸1⁸&ss

148 2438 281 2514 ducens,
312 2436 426 2522 ipsam,
459 2458 533 2501 cum
565 2434 766 2502 Cantioo-“
781 2435 827 2500 Te
856 2434 964 2500 Deum
994 2400 1349 2515 laudamm,”3¹,}¹’{,'l1¹},¹⁰1}¹'

147 2539 339 2606 solemniter
361 2538 554 2604 installavit.
614 2536 698 2602 Erat
721 2541 831 2602 autem
853 2558 974 2602 nomen
997 2535 1096 2624 hujus
1125 2537 1192 2602 vir-
1205 2528 1285 2646 mg

146 2643 245 2730 ginis
268 2640 330 2707 hoc
360 2641 457 2706 modo
487 2639 651 2728 praefeotae
681 2640 717 2705 in
748 2639 947 2717 Priorissam,
981 2645 998 2674 “
1013 2639 1123 2705 Alicia
1152 2605 1339 2715 domenii&

147 2753 167 2781 “
192 2744 380 2809 Pekesdene
393 2743 427 2824 ;’'
452 2765 527 2829 quae
549 2747 676 2830 expost,
699 2763 850 2830 processu
871 2743 1038 2829 temporis,
1055 2741 1193 2828 seipsam
1206 2760 1261 2812 ner
1271 2772 1342 2828 meat

147 2847 284 2934 dignam
307 2845 370 2911 tali
392 2845 514 2911 honore
536 2844 631 2911 bonis
654 2843 807 2930 operibus
829 2848 864 2910 et
885 2843 966 2911 vitae
996 2844 1115 2908 merito
1138 2843 1195 2909 de-
1206 2829 1314 2882 menn*

145 2949 355 3015 monstravit
1241 3023 1245 3034 Ι

195 3050 352 3117 Habebat
385 3049 486 3115 etiam
519 3050 613 3115 Prior
646 3069 755 3114 secum
789 3046 870 3112 alias
901 3047 1031 3112 litteras
1069 3046 1306 3114 clausasrom

148 3154 249 3223 dictis
279 3152 465 3233 sororibus;
495 3174 569 3238 quae
601 3152 843 3216 mandavenmt
873 3149 961 3235 quod
983 3149 1020 3214 in
1042 3147 1193 3214 omnibus
1205 3127 1362 3249 fflnlgm

148 3261 259 3324 essent
281 3256 488 3322 attendentes
518 3259 553 3320 et
583 3253 769 3320 obedientes
798 3251 913 3334 eidem,
944 3252 1029 3316 sieut
1058 3249 1192 3316 Abbati
1205 3262 1361 3316 mttheein.

148 3362 279 3427 Revera
302 3359 437 3425 dederat
465 3357 626 3423 Dominus
651 3355 766 3422 Abbas
795 3355 902 3420 eidem
931 3353 1038 3418 Priori
1059 3351 1193 3417 manda·

148 3468 223 3528 tum
246 3461 333 3548 quod
355 3460 511 3547 quicquid
534 3479 658 3525 sorores
681 3458 836 3536 dicerent,
852 3456 921 3523 sive
936 3455 1060 3522 vellent
1083 3455 1120 3519 in
1133 3455 1193 3520 hac

148 3570 251 3654 parte,
286 3564 390 3650 ipsam
423 3561 680 3649 Suppriorissam
717 3561 753 3625 in
783 3559 975 3625 Priorissam
1012 3557 1193 3645 praeficeret
1206 3580 1355 3634 Themeres

148 3665 369 3744 nihilominm,
394 3665 591 3730 auctoritate
613 3664 676 3729 sibi
698 3663 875 3728 commissa
921 3662 1070 3727 Noverat
1098 3647 1354 3767 nam-{’,fesk³e¹slgfn:¹g³

148 3792 211 3858 que
234 3767 397 3834 Dominus
419 3767 533 3833 Abbas
556 3764 859 3854 experimentaliter
881 3786 952 3830 eam
975 3787 1044 3852 prae
1066 3765 1192 3830 cunctis
1203 3780 1334 3833 know-nto

148 3870 283 3959 reliquis
305 3869 508 3936 sanctiorem.
1203 3846 1246 3897 the
1256 3847 1350 3901 abhoc

146 4155 337 4244 Deforme
362 4153 554 4241 recipiendi
583 4158 613 4219 ct
642 4150 825 4238 pnofitendo'
848 4150 979 4236 fratres
1008 4155 1038 4212 ct
1066 4166 1191 4212 sorores

235 4255 335 4345 apud
357 4257 515 4339 Pratum,
535 4277 599 4344 per
621 4253 753 4322 diotimo
775 4250 938 4317 Ablotcm
960 4248 1119 4315 limitata
1199 4278 1201 4289 ·

192 4409 256 4473 Pro
270 4407 504 4473 abundantiori
523 4405 656 4483 cautela,
672 4408 777 4469 certas
798 4398 948 4466 instituit
962 4397 1190 4463 observantias
1203 4411 1310 4465 observ-

147 4510 211 4576 iste
234 4509 347 4575 Abbas
370 4511 410 4575 de
440 4509 625 4596 receptione
654 4508 794 4572 fratrum
824 4508 859 4568 et
888 4522 1036 4569 sororum
1064 4502 1122 4588 qui
1147 4494 1331 4609 adffiffi

150 4615 252 4681 Prata
272 4612 451 4703 recipiendi
472 4612 604 4680 fuerant
628 4612 665 4677 in
687 4608 845 4688 futurum,
868 4626 995 4672 necnon
1020 4605 1062 4672 de
1092 4605 1189 4672 modo
1201 4613 1244 4665 tue
1255 4615 1346 4666 admn-
