3022 5460
434 707 644 760 nonssrsnu
666 705 787 757 sareu
810 704 945 758 aarum.
1170 691 1212 762 79

165 903 185 930 “
204 901 331 974 cipimus
343 899 422 972 quod
439 899 536 954 omnia
553 897 628 952 bona
639 903 669 953 et
680 896 787 952 catalla
794 895 1002 967 predictorum
1015 895 1034 950 J
1038 936 1056 961 .,
1070 895 1213 961 Isabellae,
1235 897 1304 948 John
1313 897 1369 957 IV,

170 991 188 1015 “
209 992 239 1043 et
256 987 389 1051 Roberti,
408 989 516 1058 praeter
534 983 623 1038 boves
642 988 672 1037 et
690 981 777 1037 effros
795 981 832 1035 de
850 999 973 1036 cerruce
991 999 1052 1046 sna,
1071 987 1101 1036 et
1127 981 1215 1036 etiarn
1260 966 1345 1080 ‘effi

169 1072 397 1126 “medietatem
415 1076 562 1125 terrarum
587 1072 618 1122 et
643 1071 876 1122 tenementorum
904 1084 1023 1122 suorum
1050 1067 1081 1121 in
1107 1066 1216 1121 ballivo
1272 1071 1354 1147 AD]

170 1159 189 1183 ‘⁴
208 1162 269 1219 tua,
288 1155 385 1210 eidem
397 1152 506 1208 Abbati
525 1151 589 1207 sine
608 1150 747 1206 dilatione
766 1150 925 1205 deliberari
944 1152 1043 1215 socias,
1063 1151 1216 1221 perretio·
1255 1169 1358 1213 loca-e.

169 1244 188 1268 “
207 1241 305 1296 nubile
317 1238 446 1329 pretipm
458 1243 488 1293 et
499 1242 658 1300 extentum,
670 1234 828 1291 tenendum
839 1241 873 1292 ut
884 1236 1010 1290 liberum
1017 1240 1215 1291 tenementum
1273 1264 1338 1274 —-

170 1328 189 1353 “
209 1343 307 1391 suum,
327 1329 357 1379 et
378 1321 537 1394 assignatis
555 1321 628 1386 suis,
645 1320 731 1392 juxta
748 1321 871 1375 formam
899 1319 1007 1375 Statuti
1032 1321 1126 1375 nostri
1143 1338 1216 1390 prm-

169 1412 189 1437 “
209 1409 292 1475 dicti,
312 1425 464 1480 quousque
482 1406 638 1478 praedictos
659 1404 792 1460 denarios
813 1404 881 1459 inde
902 1404 1053 1460 levaverit.
1091 1405 1130 1458 Et
1148 1423 1216 1475 qua-

171 1497 191 1520 “
210 1495 281 1550 liter
297 1495 352 1548 hoc
370 1497 550 1564 preceptum
569 1497 702 1547 nostrum
724 1490 840 1545 fueritis
865 1495 1014 1553 executus,
1034 1490 1109 1544 scire
1127 1490 1216 1544 facias

170 1582 190 1606 ‘⁸
211 1578 391 1634 Justieiariis
420 1576 530 1631 nostris
560 1576 638 1647 apud
656 1575 959 1639 westmonasterium,
991 1593 1009 1629 a
1037 1575 1084 1628 die
1103 1573 1217 1629 Sanetus

171 1665 191 1689 ‘⁴
211 1663 364 1718 'Itinitatis
388 1663 421 1716 in
442 1660 610 1732 quindecim
634 1660 713 1725 diee;
743 1666 771 1714 et
795 1659 903 1713 habeas
922 1659 963 1713 ibi
987 1658 1085 1713 breve.
1131 1658 1216 1712 Teste

171 1751 192 1774 ‘⁴
211 1748 253 1802 Η.
265 1748 301 1802 de
321 1747 487 1818 Hengham,
503 1745 589 1816 opud,
600 1744 902 1808 westmonasterium,
918 1743 1018 1814 quinto
1039 1741 1151 1797 decimo
1169 1741 1217 1796 dic

172 1835 192 1860 “
212 1831 355 1903 Aprilis.”

120 2061 317 2128 'damiete
339 2059 491 2128 macarii
510 2057 672 2146 predicti
700 2080 766 2144 pro
798 2058 963 2127 solutione
998 2058 1103 2127 debiti
1131 2082 1218 2148 pne·

616 2170 620 2177 '
640 2162 759 2229 notati.

218 2305 366 2369 Extenta
388 2304 469 2368 dieti
484 2303 623 2368 manerii
639 2325 841 2389 perannum,
859 2304 948 2370 xiii
964 2304 1056 2369 xviii.
1067 2326 1090 2371 s,
1105 2303 1148 2368 iv.
1161 2304 1193 2368 d.
1211 2328 1325 2382 mmm
1337 2334 1378 2395 (or

172 2410 208 2472 et
230 2412 364 2472 tenetur
386 2409 544 2493 incapite
561 2407 602 2471 de
625 2406 758 2470 Abbate
781 2406 895 2471 Sancti
918 2407 1050 2486 Albani,
1073 2428 1131 2492 per
1153 2428 1218 2471 ser·
1231 2398 1371 2514 gffliffl)

173 2510 295 2576 vitium
328 2532 387 2596 per
414 2532 539 2573 annum
572 2510 683 2574 decem
707 2531 908 2588 marearum3
939 2514 973 2573 et
1007 2511 1097 2574 valet
1131 2510 1358 2582 ultremanorof

174 2613 347 2679 servitium
379 2612 546 2677 delibero
577 2611 722 2697 quinque
745 2611 844 2675 libras
879 2611 1066 2696 quindecim
1100 2611 1220 2676 solidos
1232 2600 1309 2649 Grcat

174 2739 232 2805 Per
254 2738 386 2784 annum.
444 2715 608 2780 Redditus
642 2720 755 2782 autem
785 2715 955 2802 pertinens
989 2716 1030 2780 ad
1054 2714 1219 2781 Abbatenr
1233 2667 1368 2718 smum

176 2823 257 2890 lviii
267 2845 293 2889 s.
310 2822 408 2890 viid.
426 2822 508 2888 obol.
533 2822 646 2909 quadr.

175 3058 298 3126 ¹Breoe
320 3058 422 3144 Repie
444 3065 561 3124 contro
583 3058 732 3125 irrdebito
747 3059 985 3145 tripertientes,
1009 3082 1067 3125 seu
1085 3066 1221 3146 pertur-

266 3162 389 3242 bantes,
412 3160 598 3228 libertatem
620 3163 826 3228 Monoateria‘
848 3163 970 3229 Sernot‘i
992 3163 1132 3229 Altam.

221 3321 385 3400 Quoniam
421 3321 607 3386 Vicecomes
643 3321 893 3401 Bakenhamire,
917 3328 951 3386 et
985 3322 1129 3386 ministri
1162 3323 1222 3398 sui,

175 3429 447 3515 ingrediebantur
461 3429 648 3492 libertatem
664 3429 807 3492 Abbatis
829 3429 918 3515 apud
933 3428 1172 3515 Wine[s]lawe‚
1189 3436 1223 3493 et

175 3531 422 3617 impediverunt
452 3531 618 3595 Abbatem
649 3531 825 3615 quominus
857 3552 915 3617 per
948 3531 1115 3595 ministros
1149 3553 1223 3595 suos

176 3634 449 3698 summonitiones
490 3638 524 3697 et
562 3633 823 3697 attaehiaurenta
863 3634 966 3698 faeere
1005 3633 1123 3720 potuit,
1156 3633 1222 3699 tale

176 3737 358 3801 remedium
380 3736 571 3822 impetravit
583 3759 638 3800 :—

214 3852 311 3906 “Rex
335 3851 508 3907 Vioeoomiti
534 3851 752 3914 Bukenhamiae,
780 3851 912 3906 salutem.
958 3851 1002 3905 Ex
1024 3858 1105 3922 parto
1125 3851 1223 3907 dilecti
1235 3854 1336 3904 Writto
1347 3855 1390 3905 the

178 3940 199 3963 ‘⁴
218 3935 302 3990 nobis
315 3936 346 3989 in
359 3936 477 3991 Christo
487 3936 610 3990 Abbatis
619 3936 654 3989 de
669 3936 774 3991 Sancto
787 3936 910 4000 Albane,
923 3936 1007 3989 nobis
1020 3942 1065 3991 est
1077 3943 1223 3992 ostensum
1236 3921 1365 4000 Sh⁰¹iff⁰f

178 4025 197 4046 “
217 4020 297 4091 quod
324 4037 392 4073 cum
417 4020 650 4090 praedecessores
677 4021 734 4083 sni,
764 4019 909 4090 quondam
936 4019 1065 4074 Abbetes
1093 4021 1224 4091 ejusdem
1235 3989 1364 4104 hssfflffi

178 4109 197 4132 “
218 4105 286 4169 loci,
305 4122 359 4176 per
377 4105 492 4159 chartas
510 4103 750 4174 ‘Jprogcnirorum
767 4111 943 4168 nostrorum,
959 4105 1103 4175 quondum
1120 4123 1224 4175 regum
1235 4092 1389 4185 prohibitifig

178 4192 198 4218 “
219 4189 346 4260 Anglire,
374 4189 405 4244 in
431 4189 537 4262 quibus
565 4190 729 4244 continetur
756 4188 834 4261 quod
860 4189 959 4244 nullus
984 4191 1142 4254 hominum,
1171 4189 1286 4244 nechim
1298 4188 1362 4238 from

177 4365 419 4374 mm.
429 4365 533 4371 ..ι-...-
776 4362 1116 4370 -ffl—o-—a--a—-v--m-nu-
1127 4362 1222 4370 —o—

214 4473 298 4523 ¹Tnis
317 4474 401 4522 rubrio
420 4474 442 4521 is
461 4474 548 4537 placed
570 4473 681 4521 immedi-
728 4472 901 4520 outarnbrio.

178 4553 249 4616 ately
261 4553 346 4601 before
358 4553 399 4602 the
412 4553 466 4601 writ
478 4553 504 4600 in
514 4553 556 4601 the
568 4553 633 4613 MS„
642 4553 683 4600 the
762 4552 772 4582 ²
781 4554 942 4615 propndormn
963 4553 991 4601 in
1015 4553 1080 4613 MS,
1102 4554 1135 4617 by
1156 4553 1228 4605 inad-

178 4632 353 4695 introdactory
367 4640 459 4683 matter
470 4631 545 4696 being
557 4632 603 4683 lest
613 4632 683 4681 with·
729 4639 850 4682 senesce.
