3038 5452
344 689 408 753 120
721 698 826 750 ensra
848 698 1011 749 marran

210 899 298 963 Hugh,
343 899 415 956 tum
438 891 612 966 edidissem
636 890 696 955 hoc
719 912 785 956 non
808 891 967 968 obstante,
993 889 1033 953 de
1057 885 1150 952 seodo
1172 906 1230 948 suo
1253 882 1387 971 proprio

202 967 298 1094 ἐξ,
342 994 395 1059 vel
417 994 532 1073 alieno,
556 993 606 1058 ita
636 998 756 1071 tamen,
778 994 866 1080 quod
888 991 929 1057 ‹ie
953 992 1041 1078 Rege
1057 1011 1124 1054 non
1139 991 1318 1054 teneantur
1350 985 1387 1048 in

205 1099 283 1187 ·A·D·
340 1097 454 1183 eripite,
477 1102 609 1162 eentum
639 1096 777 1161 libratas
806 1101 904 1162 terrae
927 1101 961 1160 et
983 1093 1139 1168 redditus,
1161 1096 1275 1156 contra
1296 1087 1385 1152 idem

188 1171 310 1274 ¹³,⁰⁸-'²⁶‘
340 1201 520 1276 statutum,
535 1198 701 1264 lioentiam
724 1198 920 1284 adquirendi
936 1197 1048 1262 Abbas
1062 1194 1184 1260 habeat
1206 1190 1383 1279 specialem

340 1301 465 1368 Charta
496 1302 573 1368 inde
607 1302 761 1382 coniecta,
797 1309 831 1367 et
869 1301 968 1387 Regis
1001 1298 1110 1386 sigillo
1147 1297 1311 1374 roborata,
1348 1293 1386 1357 in

341 1404 541 1499 Monastprio
565 1413 760 1472 reservatur.

172 1522 213 1603 Ha
229 1541 270 1576 ac·
373 1509 495 1579 ,Abbns
518 1508 632 1596 igitur,
657 1531 809 1595 prospere
833 1506 939 1571 tantis
969 1505 1133 1592 expeditis
1158 1501 1311 1590 negotiis
1334 1522 1384 1566 re·

171 1608 254 1656 ΨΜ
338 1611 469 1689 meavit,
492 1619 527 1676 et
550 1619 661 1689 terras,
684 1610 841 1689 redditus,
865 1632 903 1675 ae
926 1613 1121 1684 tenementa,
1144 1626 1282 1693 quorum
1305 1604 1385 1680 ioca,

169 1660 308 1785 lriiiiifand
338 1714 438 1792 valor,
471 1722 505 1781 et
535 1737 697 1792 numerus,
732 1713 869 1779 inferius
900 1716 1112 1791 annotantur,
1135 1709 1307 1796 adquirere
1336 1707 1384 1772 la·

169 1803 315 1910 pecpgnrpnn,
336 1816 471 1882 beravit.

166 1925 244 1992 ingly.

333 2163 381 2227 De
416 2159 677 2247 possessionibus
711 2184 774 2246 pm·
808 2159 1012 2247 preadictum
1049 2159 1217 2235 litteren,
1250 2166 1280 2224 et
1310 2158 1382 2245 ‹jns

401 2271 552 2349 ternpme,
575 2263 780 2329 Moncaesterio
800 2263 920 2329 Seresti
942 2263 1075 2328 Albani
1097 2261 1303 2349 perpeti-sitis.

166 2438 309 2554 Lampsum
376 2439 427 2505 De
451 2439 591 2506 Ricardo
622 2439 816 2527 Tyngewik,
841 2446 875 2505 et
899 2440 1014 2520 Alicia,
1038 2463 1141 2504 uxore
1170 2439 1249 2525 ejus,
1274 2461 1381 2504 unum

165 2512 281 2621 {iiiam
332 2543 544 2629 mesuagium,
575 2544 794 2630 quadraginta
816 2549 851 2608 et
874 2550 1016 2630 quatuor
1045 2567 1134 2608 aeras
1164 2550 1271 2622 terna,
1298 2564 1380 2628 qua·

165 2637 300 2701 nyhimin
332 2651 409 2710 tuor
442 2669 531 2710 acras
563 2647 658 2732 prati,
688 2652 721 2710 et
754 2647 933 2725 dimidiam,
957 2647 1067 2711 decem
1101 2668 1192 2710 acras
1225 2651 1379 2731 pasturae,

162 2704 319 2832 imfim-
332 2756 456 2835 septem
473 2771 563 2814 aeras
585 2749 683 2827 bosci,
698 2749 872 2835 sexaginta
894 2756 928 2814 et
950 2749 1196 2834 quatuordeeim
1219 2746 1381 2812 solidatus

163 2837 300 2957 gssffile
331 2852 486 2930 redditus,
511 2857 545 2916 et
576 2851 742 2916 redditum
773 2853 880 2917 tertiae
914 2853 1018 2938 partis
1049 2852 1186 2916 duarum
1217 2850 1379 2915 librarum

162 2970 282 3036 Bysscye.
328 2955 459 3042 piperis,
475 2977 549 3019 cum
572 2954 791 3041 pertinentiis
809 2955 844 3019 in
861 2954 1190 3033 Rilremereswnrthe,
1208 2952 1325 3030 Casto,
1346 2961 1380 3019 et

330 3058 438 3124 Parra
461 3058 616 3144 Bysseye,
641 3058 681 3123 da
704 3059 835 3143 proprio
866 3058 961 3124 feodo
983 3057 1125 3122 Abbatis
1159 3056 1379 3143 perquisivit;

329 3185 402 3248 quae
433 3161 547 3226 valent
569 3183 627 3248 per
656 3182 781 3225 annum
816 3159 850 3224 in
882 3161 1028 3225 exitibus
1050 3161 1116 3225 suis
1146 3167 1270 3247 septem
1294 3182 1381 3225 mar-

328 3288 389 3344 eas,
413 3272 477 3331 tres
499 3264 627 3342 solidos,
649 3270 684 3328 et
707 3268 780 3328 octo
803 3263 970 3328 denarios:
1003 3269 1102 3350 prout
1124 3262 1253 3349 plenius
1285 3268 1381 3349 patet

327 3388 385 3452 per
419 3367 668 3453 inquisitionem
692 3366 874 3432 Biscaetoris
907 3367 944 3430 in
975 3367 1089 3432 charta
1111 3365 1248 3430 Domini
1270 3366 1381 3453 Regis,

328 3492 425 3556 snper
448 3469 511 3534 hiis
534 3470 632 3548 edita,
656 3475 856 3534 contentam.

162 3565 296 3684 Μθὲἱῠθεθ
374 3571 469 3648 Item,
495 3571 535 3636 de
553 3571 699 3637 Waltero
721 3571 834 3637 Tubbe
850 3594 952 3636 unum
976 3570 1186 3660 mesuagium,
1209 3593 1282 3637 curn
1304 3592 1378 3658 per·

159 3649 274 3750 firma,
329 3672 488 3750 tinentiis,
513 3674 548 3737 in
571 3673 651 3737 villa
673 3675 713 3738 de
737 3673 859 3740 Sancto
882 3675 1019 3740 Albano,

159 3792 268 3842 laudat
375 3775 471 3855 Item,
499 3776 539 3840 de
562 3775 727 3840 Willelmo
754 3776 782 3842 le
808 3775 953 3842 Marchal
975 3800 1032 3843 sex
1056 3799 1145 3842 acras
1169 3783 1273 3859 terne,
1301 3796 1377 3845 eum

158 3859 195 3910 St
204 3858 317 3910 Albana.
329 3877 545 3965 pertinentiis,
570 3878 605 3942 in
628 3879 741 3944 eadem
764 3880 851 3945 villa.

157 3987 306 4067 areanages
373 3982 468 4061 Item,
493 3982 532 4048 de
555 3981 718 4047 Willelmo
743 3982 852 4068 Gylot,
870 3989 905 4048 et
928 3983 1057 4062 cecilia,
1081 4006 1183 4049 uxore
1205 3985 1284 4069 ejus,
1308 3982 1377 4051 (ino

156 4056 314 4174 {fflfflssgf
327 4086 501 4172 mesnagis,
526 4106 625 4149 unam
656 4108 765 4150 aeram
790 4093 894 4168 tener,
918 4096 952 4152 et
974 4087 1154 4168 dimidiam,
1178 4110 1251 4153 cum
1274 4085 1377 4175 perti·

326 4189 456 4266 nentiis
479 4189 515 4253 in
538 4188 652 4253 eadem
674 4188 762 4254 vilia.

156 4297 292 4389 nannai,
371 4291 466 4369 Item,
489 4293 529 4356 de
552 4289 671 4355 Emma
686 4290 727 4357 de
744 4290 893 4359 Ookham
916 4315 1020 4358 unum
1047 4292 1256 4381 mesuagium,
1272 4316 1377 4361 unum

155 4364 314 4499 ξζῃὲξξῖἑξζ
327 4395 519 4472 columhare,
554 4394 728 4481 sexaginta
751 4401 785 4459 et
809 4395 982 4461 tresdecim
1016 4419 1107 4462 acras
1141 4404 1246 4478 terne,
1271 4420 1374 4464 unam

154 4499 293 4559 Parnm
327 4517 432 4561 aeram
457 4496 553 4584 prati,
571 4501 605 4561 et
627 4496 836 4562 medietatem
859 4499 957 4564 unius
980 4499 1148 4586 mesuagii,
1170 4502 1267 4565 unius
1289 4523 1374 4568 aerae

153 4565 294 4617 Redbume.
327 4603 478 4685 pasturae,
502 4599 657 4666 etunius
686 4622 769 4667 aerae
798 4601 895 4680 bosci,
916 4622 990 4666 cum
1020 4602 1237 4689 pertinentiis
1260 4603 1297 4668 5¹¹
1320 4626 1375 4670 0⁹⁴·
