3038 5452
405 739 614 792 uounsranu
635 739 755 792 aaron
776 741 913 794 erasm.
1125 732 1187 801 147

137 922 157 945 “
178 944 228 980 seu
254 927 431 993 Prioratum,
461 946 525 984 esse
550 931 734 985 advertentes
760 934 905 1004 professos
930 930 1040 1001 pariter
1063 937 1093 986 et
1114 931 1179 985 sub·
1229 927 1320 992 Hugh,

135 1005 156 1030 “
173 1011 287 1079 jectos3
315 1030 348 1066 ae
374 1013 469 1067 eidem
488 1014 606 1078 Abbati,
627 1016 675 1069 vel
700 1016 916 1071 suecessoribus
939 1017 1009 1080 suis,
1036 1016 1125 1070 licere
1150 1017 1181 1069 in
1223 995 1320 1121 Am,

132 1090 153 1114 “
176 1094 355 1150 Menasterie
374 1096 409 1150 de
424 1097 530 1152 Sancto
545 1098 669 1175 Albano,
689 1100 736 1154 vel
755 1102 786 1154 in
805 1101 904 1171 aliqua
916 1102 1074 1164 Cellarum,
1089 1101 1114 1154 si
1134 1117 1181 1152 ex·
1240 1128 1308 1176 AD·

94 1255 98 1259 .
131 1176 152 1197 ¹‘
175 1179 276 1249 pedire
295 1180 453 1245 videbitur,
467 1183 644 1237 novitiorum
663 1185 799 1252 congruis
812 1186 1001 1256 temporibus,
1023 1183 1180 1239 secundum
1214 1198 1337 1248 1308-26.

129 1255 151 1281 “
174 1263 308 1334 ipsorum
334 1263 482 1319 Abbatum
509 1266 697 1330 voluntatem,
727 1268 937 1338 professionem
962 1269 1102 1340 recipere,
1130 1287 1182 1322 seu
1240 1288 1305 1300 ·-·

127 1340 150 1365 “
173 1346 405 1416 profitendorum
424 1350 640 1404 solemnitatem
657 1351 769 1415 saeere3
790 1352 928 1407 similiter
945 1352 1130 1407 advertentes
1145 1352 1182 1406 ab

128 1422 149 1450 ‘⁴
173 1429 289 1486 Abbate
315 1430 358 1487 ¹et
382 1432 444 1488 suia
466 1434 693 1496 successoribus,
720 1436 816 1503 quoad
838 1437 1045 1492 correctionem
1066 1454 1181 1491 morum

127 1508 150 1534 “
175 1521 205 1568 et
233 1514 421 1585 disciplinam
448 1518 624 1588 regularem,
650 1537 684 1573 ac
708 1520 916 1588 visitationem,
946 1539 1012 1577 cum
1040 1521 1097 1576 sibi
1121 1521 1181 1593 pla·

126 1594 149 1618 “
174 1600 279 1663 cuerit,
306 1601 437 1672 recipere
462 1619 496 1654 ex
521 1602 659 1656 canonica
683 1604 863 1673 professione
888 1606 1033 1670 astrictos,
1066 1605 1181 1676 sibique

126 1677 149 1701 “
174 1682 354 1749 immediate,
385 1691 522 1756 tanquam
546 1692 645 1740 nostro
676 1687 828 1759 Episcopo,
862 1690 1021 1743 secundum
1052 1698 1181 1743 tenorem

126 1761 149 1786 “
174 1766 406 1837 Privilegiorum
420 1769 606 1823 Summorum
619 1771 803 1835 Pontificum,
819 1773 900 1826 nullo
913 1773 1019 1836 medio,
1033 1773 1181 1843 pertinen-

126 1847 149 1872 “
174 1859 228 1915 tea,
239 1852 271 1905 in
280 1853 414 1909 omnibus
432 1854 592 1924 subjacere,
607 1859 637 1908 et
649 1856 764 1926 penitus
777 1856 911 1921 obedire3
928 1857 1010 1912 etita
1023 1858 1088 1920 sibi,
1103 1856 1180 1927 quod

127 1931 149 1957 “
171 1935 248 1989 nulli
267 1935 328 2001 alii,
343 1944 538 2009 praeterquam
551 1939 681 1993 Romano
695 1940 840 2004 Pontifici,
856 1941 1015 2011 superdicti
1028 1941 1179 1994 Prioratus

126 2015 149 2040 “
173 2019 365 2085 ordinatione,
386 2021 498 2076 Prioris
523 2023 679 2087 creatione,
706 2041 757 2077 seu
783 2023 895 2079 Prioris
920 2030 949 2078 et
972 2025 1179 2079 monachorum

127 2100 149 2125 “
172 2104 318 2175 positione
337 2105 385 2158 vel
404 2105 594 2177 depositione,
616 2108 810 2171 institutione,
834 2109 882 2162 vel
908 2109 1106 2174 destitutione,
1128 2125 1179 2162 seu

127 2183 150 2209 “
172 2189 367 2253 revocatione,
394 2190 531 2245 mandata
554 2191 695 2262 recipere,
722 2193 769 2246 vel
800 2194 954 2264 praeceptis
980 2193 1177 2264 adquiescere,

126 2267 150 2294 “
170 2271 340 2343 aliqualiter
351 2291 404 2328 noa
416 2272 532 2339 debere,
546 2275 593 2330 vel
603 2275 747 2346 judicium
760 2277 859 2331 subire
871 2277 1006 2349 alicujus,
1021 2279 1078 2332 nisi
1089 2277 1181 2331 luerit

127 2355 150 2381 “
171 2358 338 2412 Cardinalis
357 2359 486 2430 Legatus
504 2379 521 2413 a
538 2361 629 2414 latere
648 2361 735 2432 Papae
754 2363 919 2432 specialiter
937 2362 1108 2418 destinatus.
1144 2362 1181 2415 Iu

128 2437 150 2463 “
172 2459 299 2512 quorum
311 2444 442 2497 omnium
453 2444 660 2513 predictorum
671 2447 863 2515 possessione,
875 2446 923 2500 vel
933 2447 1016 2518 quasi
1029 2448 1181 2518 praemissa

125 2523 149 2548 ‘⁸
171 2525 310 2592 faciendi,
330 2544 350 2580 a
365 2532 574 2598 temporeque
599 2546 656 2582 non
678 2533 756 2584 extat
779 2531 929 2595 memoria,
952 2531 1123 2602 profitemur
1150 2538 1180 2585 et

128 2606 378 2680 “cognoscimus
403 2629 503 2666 omnes
527 2612 656 2668 Abbates
684 2614 721 2667 de
740 2613 846 2669 Sancto
870 2614 984 2671 Albano
1009 2616 1179 2671 inconcusse

127 2690 152 2717 “
171 2695 313 2750 hactenus
326 2695 467 2759 extitisse,
482 2703 512 2750 et
523 2697 617 2752 adhuc
628 2698 753 2753 existere
765 2698 797 2752 in
808 2699 946 2770 praesenti
957 2717 1054 2764 ;—nos
1067 2701 1098 2754 in
1115 2718 1179 2771 pre-

125 2775 150 2802 “
171 2780 248 2834 senti
261 2787 292 2834 et
302 2798 357 2850 pro
369 2785 500 2851 tempore
518 2782 627 2845 futuro,
650 2782 745 2852 quoad
766 2783 863 2836 omnia
884 2784 1036 2853 praemissa
1053 2784 1180 2838 fideliter

127 2861 152 2888 “
172 2864 316 2929 facienda,
336 2865 513 2936 recipienda,
528 2871 557 2920 et
576 2866 727 2920 humiliter
739 2867 884 2937 patienda,
900 2867 962 2921 siue
981 2868 1112 2937 quolibet
1131 2885 1179 2921 ex·

127 2946 151 2974 “
169 2950 312 3019 captionis
325 2949 485 3015 obstaculo,
499 2950 631 3006 submoto
643 2952 841 3020 cujuscunque
854 2951 864 2978 ²
867 2951 945 3020 juris
957 2952 1118 3006 communis
1132 2952 1179 3004 vel

127 3031 152 3058 “
171 3034 308 3104 specialis
321 3035 460 3097 remedio,
475 3035 710 3104 recognoscimus
730 3036 873 3098 astrictos,
888 3041 918 3088 et
929 3036 1055 3089 fatemur
1067 3035 1178 3104 obliga·

126 3116 153 3142 “
172 3124 217 3173 tos
236 3136 311 3182 esse,
324 3136 436 3174 necnon
454 3120 486 3173 in
504 3119 683 3189 subjectione
701 3119 841 3190 pradicta
859 3119 1031 3173 constitutos
1049 3119 1179 3173 totaliter

124 3199 152 3227 ‘⁸
170 3219 224 3273 per
241 3210 411 3272 praesentes.
449 3203 489 3258 Et
511 3202 574 3257 haec
592 3203 731 3272 praedicta
749 3203 803 3257 sub
821 3202 951 3272 periculo
976 3208 1068 3257 status
1086 3204 1177 3257 nostri

125 3283 152 3312 ‘⁸
171 3286 296 3341 firmiter
309 3294 339 3340 et
350 3286 475 3341 fideliter
487 3304 603 3341 servare
622 3286 828 3357 promittimus,
842 3286 920 3357 quod
932 3287 995 3357 ipso
1008 3288 1085 3341 sacto
1096 3287 1178 3341 volu-

124 3367 152 3395 “
170 3388 236 3426 mus
255 3372 415 3434 incurrere,
430 3387 497 3424 cum
509 3371 567 3425 alia
579 3371 743 3425 omnimoda
754 3371 898 3426 canonicas
917 3371 1176 3425 animadversionis

124 3452 152 3480 “
170 3454 333 3525 punitione,
345 3453 494 3519 videlicet,
508 3455 636 3509 infamiae
648 3461 678 3511 et
689 3455 821 3527 perjurii,
837 3456 871 3518 si,
887 3455 964 3525 quod
976 3455 1062 3519 absit,
1076 3473 1176 3510 omnes

125 3537 152 3565 ‘⁴
172 3539 219 3593 val
232 3539 326 3609 aliqui
343 3544 486 3603 nostrum,
502 3556 554 3594 seu
572 3539 688 3609 aliquis,
702 3539 870 3594 notabiliter
883 3539 1015 3593 convinci
1027 3547 1174 3610 poterim,

124 3621 152 3650 ‘⁴
173 3641 226 3679 seu
254 3623 373 3694 poterit,
403 3622 516 3694 aliquid
546 3630 647 3679 contra
676 3626 828 3695 praemissa
857 3624 1037 3696 temporibus
1067 3626 1176 3681 suturis

124 3707 153 3735 “
172 3716 325 3774 attentare,
338 3714 373 3765 ut
389 3709 496 3780 ipsum,
518 3726 570 3763 sau
582 3709 669 3780 ipsos,
692 3728 778 3780 poena
789 3715 887 3765 teneat
903 3711 1057 3775 antedicta,
1077 3730 1173 3782 quem,

125 3793 153 3820 ‘⁴
171 3794 219 3848 vel
238 3811 321 3865 quos,
341 3793 378 3847 de
402 3793 489 3863 culpa
512 3793 644 3847 convinci
668 3795 825 3865 contigerit
848 3795 879 3849 in
902 3796 1035 3851 futurum
1059 3814 1176 3867 quoquo

124 3879 153 3906 ‘⁶
172 3880 266 3935 modo.
305 3878 341 3933 In
362 3878 445 3948 cnjus
464 3878 509 3931 rei
527 3877 736 3943 testimonium,
763 3879 896 3950 sigillum
917 3898 1069 3935 commune
1091 3881 1176 3951 (lapi-

125 3963 153 3991 “
171 3966 227 4020 tuli
244 3964 339 4020 nostri
356 3961 549 4033 praesentibus
568 3962 702 4017 duximus
721 3964 932 4034 apponendum.
970 3964 1047 4019 Data
1064 3969 1095 4019 et
1112 3971 1177 4019 acta

126 4049 291 4105 “luerunt
316 4048 380 4103 bac
404 4049 436 4102 in
459 4052 559 4102 nostro
576 4046 662 4117 pleno
689 4047 823 4118 Capitulo
848 4049 925 4120 apud
949 4048 1173 4121 Wymundbam,

128 4134 154 4160 “
172 4134 202 4189 in
219 4133 338 4190 Ootabis
357 4132 575 4202 assumptionis
600 4132 700 4186 Beata
724 4131 827 4187 Mariae
845 4134 989 4205 Virginis,
1018 4151 1092 4189 anno
1117 4132 1174 4186 Do-

128 4219 154 4244 ⁸⁶
172 4220 242 4274 mini
260 4217 419 4274 millesimo
436 4216 641 4272 trecentesimo
658 4215 777 4272 tertie.''

692 4380 780 4387 ---—-
793 4380 814 4386 ο-
837 4381 895 4387 --.
926 4380 1171 4389 --m

168 4509 292 4575 ¹eb'emin
303 4511 359 4561 MS.
638 4507 643 4567 Ι
690 4508 764 4570 ²jm
774 4508 800 4556 in
813 4508 869 4558 MS.
