3038 5452
332 673 397 736 3:34
690 683 799 733 essrs
822 685 985 734 esseron

176 879 295 942 merul,
375 878 392 906 “
416 871 460 935 Et
489 892 586 957 super
620 871 680 936 hoc
708 871 886 957 praedictus
916 871 1058 936 Thomas
1092 872 1135 936 de
1166 871 1371 952 Schirburue,

190 947 288 1074 affl,
332 983 347 1008 “
369 978 557 1038 attornatus
595 974 745 1059 praedicti
769 973 914 1039 Abbatie
947 979 982 1038 et
1016 973 1221 1052 Conventus,
1244 977 1373 1062 propter

205 1079 274 1130 AD·
330 1083 348 1111 “
370 1078 561 1163 praedictem
584 1076 772 1142 libertatem
792 1077 857 1142 sibi
879 1075 1092 1157 allocandum,
1114 1075 1258 1164 protulit
1279 1076 1373 1142 breve

180 1151 301 1252 Ψ·
329 1186 347 1214 «
369 1180 504 1246 nomin
530 1179 628 1265 Regis
659 1178 842 1245 emeseno
868 1184 904 1246 ee
930 1178 1122 1245 ueremuo
1152 1177 1290 1266 sospes
1319 1176 1374 1255 sui,

330 1291 346 1315 “
370 1283 406 1346 iu
428 1282 499 1347 haec
521 1281 688 1346 verba:-

161 1417 245 1482 Royal
328 1475 331 1483 Ι
364 1410 383 1433 “
405 1406 597 1472 Ἓᾱπαπᾱιιε,
611 1407 666 1461 Dei
685 1407 790 1477 gretie,
805 1405 868 1460 Rex
885 1405 1003 1477 Angliae
1021 1412 1052 1462 et
1069 1404 1212 1471 Francius,
1232 1410 1263 1461 et
1280 1403 1375 1460 Domi·

160 1484 281 1536 Mendste
329 1493 348 1516 “
370 1493 446 1546 ‘nus
489 1490 650 1554 Hiberniae,
691 1489 859 1545 Senesoello
898 1496 928 1546 et
963 1490 1139 1546 Morescello
1168 1489 1293 1561 hospitii
1322 1488 1374 1554 sui,

161 1556 187 1599 ‘⁰
199 1551 315 1669 ‘hlfalse'd
329 1578 348 1601 “
369 1577 376 1601 ‘
390 1575 524 1630 salutem.
561 1574 636 1629 Cum
648 1573 771 1629 celebris
783 1573 932 1629 memorius
944 1571 1088 1629 Dominus
1099 1571 1274 1638 edwardus,
1287 1587 1376 1642 nuper

159 1631 308 1735 ffihaffi
330 1661 348 1684 ‘⁸
369 1661 377 1685 ‘
390 1658 454 1713 Rex
465 1658 591 1729 Angliae,
604 1662 809 1729 paternoster,
822 1674 875 1729 per
893 1658 1024 1713 chertnm
1042 1674 1136 1723 suom,
1151 1673 1241 1728 quum
1252 1654 1375 1727 inspexi·

159 1750 202 1799 the
213 1751 304 1816 King’s
330 1746 348 1769 “
371 1747 468 1808 ‘mus,
488 1742 694 1807 concessisset,
712 1759 766 1812 pro
787 1759 819 1797 se
841 1748 871 1797 et
889 1740 1055 1797 heredibus
1079 1740 1152 1806 suis,
1174 1746 1245 1797 tuno
1270 1739 1375 1794 Abbati

159 1815 304 1880 ¹¹⁰⁰⁸²h0ld2
331 1830 350 1853 “
372 1831 424 1882 ‘et
442 1826 604 1882 Conventui
631 1825 667 1880 de
687 1825 795 1881 Sancto
812 1826 936 1891 Albano,
957 1825 1036 1897 quod
1054 1825 1112 1896 ipsi
1137 1831 1168 1880 et
1194 1840 1373 1880 successores

157 1882 307 2002 ffiffffl
331 1913 350 1936 “
371 1912 439 1966 ‘sui
464 1911 495 1965 in
521 1916 696 1982 perpetuum
722 1910 907 1980 perciperent
924 1916 955 1965 ct
971 1908 1113 1964 heberent
1130 1924 1232 1964 omnes
1257 1907 1330 1963 fines
1347 1913 1375 1962 et

158 2016 190 2064 be
200 2017 314 2080 allowed,
330 1995 348 2020 “
370 1995 616 2050 ‘emerciumento
633 1992 763 2048 omnium
780 1992 931 2047 hominum
956 2009 1084 2057 suorum,
1104 1991 1136 2046 in
1154 1992 1375 2063 quibuscunque

158 2081 226 2134 nn.
242 2090 313 2137 1341.
329 2083 347 2106 “
369 2079 488 2134 ‘Curiis
507 2079 601 2150 ipsius
625 2078 717 2149 petris
742 2077 843 2142 nostri,
864 2076 1062 2132 etheredum
1087 2094 1217 2140 suorum,
1240 2075 1373 2148 quotiens

328 2166 346 2190 ‘⁴
368 2163 468 2233 ‘ipsos
495 2163 628 2217 homines
655 2161 727 2215 fines
755 2161 851 2216 fecere
878 2170 909 2216 et
935 2160 1089 2215 amercieri
1116 2160 1286 2231 contigerit,
1314 2159 1373 2214 siue

327 2251 345 2273 ‘¹
368 2247 541 2302 ‘occasione
560 2246 608 2301 vel
626 2245 837 2316 impedimento
864 2245 959 2316 ipsius
984 2244 1078 2315 petris
1095 2244 1200 2309 nostri,
1219 2242 1269 2299 vel
1287 2242 1374 2298 liuere·

327 2333 345 2357 “
367 2329 459 2385 ‘dum
485 2347 616 2395 suorum,
643 2329 892 2394 Justicieriorum‚
921 2329 1121 2392 Escuetorum,
1149 2327 1371 2390 vicecomitum,

327 2417 345 2440 “
367 2417 440 2468 ‘eut
463 2413 588 2468 eliorum
613 2412 790 2468 ballivorum
809 2430 863 2468 seu
880 2412 1082 2468 ministrorum
1101 2429 1222 2467 suorum
1239 2427 1375 2482 quorum·

326 2501 345 2524 “
366 2501 523 2568 ‘cunque;
549 2502 637 2569 prout
655 2496 686 2550 in
704 2496 805 2551 chorte
822 2495 964 2568 predicte
980 2496 1096 2566 plenius
1114 2495 1298 2551 continetur:
1319 2510 1374 2566 qus

326 2585 345 2608 “
367 2581 508 2652 ‘quidem
525 2581 659 2635 libertate
677 2580 802 2635 dilectus
821 2579 905 2635 nobis
923 2580 954 2634 in
973 2579 1093 2635 Christo
1110 2597 1187 2634 nuno
1205 2577 1307 2633 Abbss
1318 2576 1373 2633 loci

324 2669 343 2694 “
365 2664 528 2737 ‘predicti
560 2670 590 2719 et
615 2665 844 2736 predecessores
873 2663 929 2728 sui,
956 2663 1085 2720 Abbetes
1111 2661 1245 2734 ejusdem
1271 2660 1374 2726 locis

326 2752 345 2775 “
366 2752 519 2821 ‘tempore
544 2747 732 2803 confectionis
758 2749 866 2802 chortae
894 2746 1050 2818 praedictus,
1078 2764 1196 2817 semper
1232 2746 1372 2801 hactenus

326 2835 345 2858 “
367 2834 435 2888 ‘usi
454 2838 524 2889 sunt
549 2838 581 2887 et
600 2831 706 2902 gavisi,
727 2832 804 2886 siout
832 2830 1073 2896 dicente-vobis
1091 2831 1277 2894 mandemus,
1296 2827 1368 2900 quod

327 2919 345 2942 “
367 2917 486 2987 ‘ipsum
515 2915 662 2971 Abbetem
692 2932 793 2970 omnes
826 2914 898 2970 fines
928 2921 959 2970 et
987 2914 1213 2971 emerciumente
1242 2913 1371 2968 omnium

327 3003 345 3026 “
366 3003 373 3026 ‘
386 3001 536 3055 homiuum
550 3016 677 3063 suorum,
694 2999 719 3053 si
732 2999 811 3068 ipsos
823 2999 956 3053 homines
969 3017 1067 3054 coram
1079 2998 1162 3056 vobis
1175 2998 1247 3053 fines
1267 2997 1369 3061 fecere,

326 3087 344 3110 “
365 3085 433 3140 ‘vol
451 3084 615 3146 emercieri,
628 3083 795 3153 contigerit,
815 3082 925 3153 absque
950 3083 1157 3154 impedimento
1174 3083 1326 3154 percipere
1343 3086 1371 3136 et

326 3171 344 3195 “
366 3173 373 3196 ⁶
387 3169 494 3224 hebere
503 3166 691 3240 permittetis,
697 3167 782 3236 juxte
790 3171 921 3221 tenorem
929 3167 1037 3222 chertae
1046 3166 1231 3239 supradicte,
1246 3173 1278 3222 et
1289 3171 1372 3238 prout

325 3255 344 3280 ‘⁴
366 3255 450 3325 ‘ipse
476 3251 643 3323 hujusmodi
661 3251 733 3305 fines
752 3256 782 3305 et
799 3251 1024 3306 emerciements
1049 3251 1199 3322 percipere
1219 3256 1250 3307 et
1266 3250 1371 3306 hebere

326 3339 344 3362 ‘⁶
366 3336 483 3400 ‘debet
508 3336 641 3407 ipseque,
661 3339 691 3388 et
711 3332 942 3405 praedecessores
967 3333 1014 3389 sui
1037 3333 1179 3404 predicti,
1203 3331 1370 3405 hujusmodi

325 3422 343 3445 “
365 3419 456 3474 ‘fines
476 3425 505 3474 ct
522 3417 747 3473 emerciemeuts
764 3435 782 3471 e
793 3423 924 3488 tempore
936 3435 1051 3489 semper
1062 3419 1204 3473 hactenus
1223 3419 1369 3490 percipere

325 3505 344 3528 “
366 3506 417 3557 ‘et
435 3503 541 3557 hebere
572 3507 793 3556 consueverunt.
843 3501 931 3556 'leste
960 3501 1082 3573 meipso,
1102 3501 1181 3574 opud
1212 3502 1368 3574 Lsngleye,

325 3587 344 3611 “
366 3584 513 3641 ‘seeundo
540 3585 588 3640 die
613 3584 776 3649 Februarii,
798 3602 872 3638 enno
897 3585 982 3654 regni
1006 3585 1099 3640 nostri
1125 3585 1244 3656 Angliae
1270 3585 1368 3656 quinto

325 3671 344 3696 “
365 3669 510 3735 ‘decimo
530 3669 615 3740 regni
632 3686 703 3725 vero
715 3669 857 3734 Franciae,
878 3668 1033 3724 secundo.”

155 3801 294 3879 'Theclnm
368 3778 542 3843 “Virtute
576 3778 668 3864 cujus
689 3778 807 3858 brevis,
831 3779 971 3865 praefeto
1001 3777 1127 3843 Abbati
1157 3783 1229 3843 tem
1259 3799 1367 3845 omnes

154 3865 342 3987 fflfflffllffi
364 3886 447 3965 fines
468 3903 567 3966 quem
590 3881 841 3947 emerciemente
871 3880 1017 3946 omnium
1040 3880 1211 3946 hominum
1238 3902 1365 3948 suorum

261 3975 267 3986 ⁸
323 3994 340 4024 “
364 4007 472 4052 corum
497 3981 683 4049 Seneeeello
708 3989 742 4049 et
772 3982 975 4064 Maresoello‚
1000 3983 1035 4047 in
1065 3984 1172 4050 sonna
1201 3984 1363 4072 praediclq

322 4096 340 4127 “
363 4087 543 4154 secuudum
582 4092 730 4150 tenorem
767 4088 888 4152 chartae
921 4090 955 4151 et
985 4085 1098 4152 brevis
1113 4088 1357 4173 praedictorum,

320 4201 338 4226 “
360 4198 439 4257 sunt
461 4186 718 4256 ellooete.’'-In
743 4188 864 4253 Rotulo
889 4187 1022 4253 decime.
