3038 5452
556 716 735 770 manuum
761 702 824 788 (a)
1147 707 1207 768 501

154 908 175 932 ‘⁸
196 902 267 961 talis
286 903 422 976 praedicti
449 905 577 976 negotia,
598 904 630 958 in
658 910 800 976 quantum
826 922 873 959 me
892 910 1078 970 concernunt,
1099 905 1212 960 utiliter

155 991 176 1017 “
193 989 281 1060 juxta
299 987 509 1044 discretionem
527 988 601 1042 mihi
620 1006 638 1042 a
656 986 719 1043 Deo
738 989 847 1054 datam,
862 993 892 1043 et
910 987 1046 1053 fideliter,
1060 989 1209 1043 exercebo.

155 1076 177 1103 “
199 1074 307 1129 Coram
326 1073 453 1128 Domino
471 1073 587 1128 Abbate
604 1073 776 1128 monasterii
800 1072 972 1144 supradicti,
991 1073 1040 1127 vel
1057 1072 1212 1129 Archidia·

159 1160 180 1187 “
199 1175 272 1213 cono
290 1157 396 1228 ipsius,
416 1162 468 1213 aut
486 1155 609 1227 alioqui
627 1174 682 1228 per
699 1156 812 1212 dictum
831 1155 992 1212 Dominum
1010 1155 1156 1212 Abbatem
1174 1157 1212 1212 ad

156 1243 178 1268 ‘⁴
198 1241 255 1297 boo
273 1240 366 1296 luerit
384 1239 555 1311 deputatus,
567 1239 604 1294 de
623 1239 876 1295 administratione
894 1239 1038 1295 bonorum
1056 1238 1128 1295 dicti
1144 1239 1213 1295 bos·

156 1328 179 1353 “
199 1325 300 1397 pitelia
317 1342 370 1396 per
394 1325 546 1389 melecta,
569 1324 675 1380 saltem
698 1325 790 1379 semel
808 1325 840 1379 in
858 1341 933 1380 anno
957 1323 1073 1379 fidelem
1090 1323 1212 1380 reddam

159 1409 232 1464 “in
261 1409 349 1465 unius
378 1408 417 1463 ad
446 1408 545 1463 minus
576 1407 677 1463 babis
707 1408 861 1479 capellani,
894 1413 924 1476 et
953 1407 1074 1463 alterius
1110 1407 1213 1464 fratris

158 1495 180 1522 “
199 1493 318 1564 leprosi,
337 1491 497 1565 prasentia
514 1491 668 1547 rationem.
705 1490 756 1547 Sic
774 1491 856 1548 Deus
880 1508 928 1547 me
946 1491 1076 1564 adjuvet,
1096 1497 1126 1548 et
1148 1492 1214 1548 huo

159 1579 181 1606 “
201 1577 310 1634 Sancta
326 1575 383 1632 Dei
400 1573 633 1646 Evangelia.”-

301 1763 350 1830 De
372 1763 501 1830 lecturo
525 1761 1038 1843 dormitationem-Rubriae.

198 1902 218 1927 ⁸‘
237 1897 284 1954 Ne
301 1896 351 1954 ¹se
369 1899 476 1955 fratres
493 1897 604 1970 leprosi
623 1902 654 1953 et
672 1897 837 1954 sacerdotes
858 1898 895 1951 ab
913 1896 1115 1953 observatione
1139 1914 1212 1968 prae·

158 1982 358 2038 “missorum
382 1982 437 2038 snb
463 1981 559 2038 colore
584 1981 760 2052 ignorantias
783 1980 901 2036 valeant
928 1998 1078 2046 excusare,
1110 1981 1213 2037 statui·

161 2069 183 2093 “
202 2085 277 2131 mue,
298 2073 329 2122 et
346 2066 434 2122 etiam
452 2066 632 2130 ordinamus,
645 2071 680 2120 ut
696 2065 857 2136 praemissas
875 2070 983 2119 nostrae
996 2063 1211 2130 Ordinationes,

163 2152 183 2178 ‘¹
203 2156 346 2223 quatenus
381 2151 487 2207 fratres
516 2151 648 2221 leprosos
685 2154 873 2213 concernunt,
909 2148 1030 2214 eisdem,
1067 2155 1213 2220 quatenns

163 2237 183 2262 ‘¹
201 2234 328 2290 ’iratres
340 2234 506 2307 capellanos
519 2234 703 2304 contingunt,
713 2233 834 2298 eisdem,
845 2238 950 2304 quater
962 2232 1081 2288 divisim
1090 2233 1122 2287 in
1130 2234 1213 2289 annis

163 2323 183 2348 ‘⁴
204 2321 329 2391 singulis
354 2320 491 2376 distincte
510 2325 540 2376 et
561 2324 661 2391 aperte
687 2319 826 2391 legantur
852 2324 882 2374 et
907 2325 1096 2390 exponantur,
1122 2320 1213 2375 etiam

163 2405 234 2459 “in
252 2403 386 2476 vulgari;
414 2410 448 2461 ut
474 2404 517 2460 sio
536 2403 670 2475 ipsorum
691 2402 817 2474 quilibet
835 2402 912 2458 seire
931 2403 1211 2471 valentinensem,

164 2491 184 2516 “
204 2507 269 2560 qnoe
288 2493 319 2544 et
336 2488 436 2559 qualia
453 2487 559 2544 debeat
576 2487 740 2543 observare.

200 2657 281 2712 “Ad
298 2656 518 2728 premissorum
544 2673 615 2712 vero
640 2661 812 2727 perpetuam
830 2655 1009 2723 firmitatem,
1029 2662 1060 2713 et
1082 2656 1114 2712 in
1132 2658 1214 2713 testi·

164 2745 184 2770 “
202 2741 333 2796 monium
355 2740 523 2805 eorundem,
546 2739 659 2795 eisdem
678 2739 811 2810 sigillum
830 2745 963 2796 nostrum
976 2740 1113 2796 duximus
1126 2759 1213 2813 appo·

164 2829 184 2854 “
203 2825 339 2880 nendum.
378 2822 488 2879 Datum
519 2823 551 2878 in
579 2823 759 2879 Monasterio
783 2829 884 2879 nostro
909 2825 1086 2896 supradicto,
1119 2825 1215 2897 quoad

165 2913 184 2938 “
202 2927 265 2974 nos,
285 2907 440 2964 undecimo
452 2908 500 2962 die
519 2908 629 2963 mensis
648 2907 811 2974 Februarii,
826 2925 901 2963 anno
920 2907 1039 2964 Domini
1056 2909 1214 2965 millesimo

164 2995 183 3021 ‘⁸
203 2991 409 3049 trecentesimo
428 2991 654 3063 quadragesimo
673 2996 786 3062 quarto.

201 3161 220 3187 “
239 3161 278 3216 Et
294 3178 357 3226 nos,
376 3160 462 3215 Prior
481 3166 511 3216 et
528 3159 695 3216 Conventus
714 3160 886 3216 Monasterii
905 3160 1064 3232 saepedicti,
1077 3161 1214 3231 praelataa

163 3246 183 3271 ‘⁴
203 3243 408 3300 Ordinationes
422 3261 524 3300 omnes
538 3250 568 3298 et
581 3244 725 3315 singulas,
740 3261 813 3315 quas
832 3245 1012 3314 inspeximus
1031 3244 1170 3307 studiose,
1185 3248 1216 3298 et

163 3327 183 3354 “
203 3344 293 3398 super
304 3327 411 3399 quibus
425 3327 654 3383 deliberavimus
667 3326 834 3398 diligenter,
849 3328 1033 3398 inquantum
1046 3345 1213 3399 possumus,

162 3413 183 3439 ‘⁴
203 3411 418 3468 confirmamus.
457 3411 494 3466 In
526 3429 651 3482 quorum
680 3411 894 3477 testimonium,
915 3411 1056 3482 Sigillum
1081 3417 1213 3466 nostrum

162 3497 183 3523 ‘¹
203 3494 364 3551 Commune
383 3496 508 3551 fecimus
526 3496 586 3551 hiis
605 3495 721 3566 apponi.
761 3495 879 3559 Datum,
894 3495 990 3565 quoad
1000 3513 1063 3560 nos,
1077 3495 1108 3550 in
1120 3494 1214 3551 Domo

161 3581 182 3607 “
200 3584 301 3635 nostra
320 3579 494 3651 Oapitulari,
514 3579 546 3634 in
565 3579 644 3634 dicto
662 3577 843 3634 Monasterio
862 3579 980 3645 situata,
1000 3580 1154 3636 undecimo
1166 3579 1214 3634 dio

162 3663 183 3690 “
202 3662 311 3719 mensis
329 3662 473 3734 proediati,
494 3679 568 3718 anno
587 3661 705 3718 Domini
724 3661 901 3732 supradicto.

197 3845 216 3870 ‘⁶
235 3843 275 3898 Et
291 3860 353 3909 nos,
373 3842 518 3914 Magister
536 3847 567 3898 et
585 3844 705 3899 Fratres
726 3843 891 3914 Hospitalis
907 3844 1052 3916 praedicti,
1066 3841 1217 3914 praedictis

161 3929 182 3956 “
203 3926 452 3993 ordinationibus,
473 3945 527 3982 seu
555 3926 832 3993 constitutionibus,
862 3928 997 3983 omnibus
1022 3933 1052 3981 et
1076 3927 1213 3996 singulis,

162 4013 183 4040 ‘⁶
203 4028 285 4081 quaa,
295 4010 506 4066 deliberatione
519 4010 683 4081 praehabita
695 4028 784 4082 super
794 4011 846 4076 eis,
857 4011 942 4066 nobis
951 4011 1064 4065 etdicto
1076 4009 1215 4080 hospitali

163 4096 183 4123 ‘⁸
203 4094 400 4165 conspicimus
419 4094 582 4166 plurimum
600 4094 781 4165 profuturas,
802 4110 938 4164 expresse
957 4101 987 4149 et
1005 4111 1040 4147 ex
1060 4099 1141 4148 corta
1158 4091 1214 4148 sai·

162 4180 182 4207 ‘¹
202 4178 282 4233 entia
299 4177 496 4233 consentimus
505 4199 513 4244 ;
533 4194 641 4247 easque
660 4193 761 4231 omnes
780 4182 810 4230 et
823 4176 957 4247 singulas
969 4181 1049 4231 ratas
1061 4175 1212 4241 habemus,

163 4259 183 4286 “
202 4259 313 4330 pariter
326 4264 356 4314 et
368 4263 513 4329 acceptas.
552 4258 589 4312 In
601 4274 727 4328 quorum
741 4257 871 4311 omnium
885 4256 1098 4321 testimonium,
1114 4255 1215 4327 Sigilli

163 4345 182 4369 “
201 4341 295 4397 nostri
315 4341 487 4398 Communis
506 4341 682 4413 appensione
701 4339 951 4395 ³(lonstitutiones
969 4339 1125 4411 praedictas
1145 4340 1216 4395 leci·

193 4548 201 4582 ¹
214 4567 245 4600 ηε
257 4549 284 4599 in
297 4551 355 4602 MS.
368 4551 490 4602 Claudius
502 4553 533 4602 ll.
546 4551 579 4602 iv.
740 4548 806 4598 'dus
824 4549 1013 4600 Constitutione
1029 4549 1056 4598 in
1074 4548 1129 4599 MS.
1143 4547 1213 4600 Nero

193 4629 379 4695 'umfrotres
390 4628 416 4680 in
427 4630 484 4683 MS.
495 4630 565 4682 Nero
576 4631 608 4681 D.
620 4631 637 4680 i.
710 4629 743 4680 Ι).
755 4628 772 4678 ἰ.
