3038 5452
422 727 632 781 uonssrnnu
654 730 776 783 sinen
798 731 933 786 araur.
1142 721 1206 787 468

155 923 176 950 ‘⁴
198 920 331 976 decimus
355 920 386 975 in
407 919 533 991 quadam
557 920 655 986 Bulla,
676 921 809 993 ejusdem
827 922 1051 980 Constitutionis
1076 925 1205 982 declara·
1234 926 1352 990 Thomas,

155 1009 175 1033 “
195 1004 286 1068 toria,
311 1009 341 1059 et
366 1021 428 1060 suta
445 1005 614 1061 intentionis
638 1006 755 1077 plenius
774 1009 950 1078 expressiva,
971 1009 1070 1065 obviat
1093 1010 1124 1065 in
1147 1011 1205 1067 hiis
1263 996 1325 1047 ⁸⁰⁰¹

155 1094 176 1119 “
198 1090 297 1144 verbis
307 1094 361 1154 ;·—‘
371 1088 403 1145 si
415 1107 485 1145 vero
497 1090 588 1146 fuerit
599 1091 732 1157 ecclesia,
746 1093 966 1159 monasterium,
975 1094 1022 1148 vel
1036 1093 1112 1149 alius
1123 1094 1205 1151 locus
1251 1063 1345 1180 “Q‘’

155 1178 176 1202 ‘⁴
201 1174 402 1247 ‘principalia
429 1192 488 1246 quo
509 1176 675 1232 vicenarius
696 1193 838 1233 numerus
862 1196 918 1233 non
940 1179 1056 1242 existat,
1076 1178 1145 1234 ¹sed
1163 1180 1205 1234 ibi
1236 1167 1356 1247 lasa-su.

156 1262 176 1287 ‘⁶
201 1262 360 1315 ‘numerus
378 1260 471 1331 major
484 1261 598 1315 senario
621 1260 784 1326 ‘teneatun
804 1261 981 1319 Visitatores
1006 1281 1058 1335 per
1084 1264 1206 1320 Provin-
1262 1291 1328 1304 --

157 1347 178 1373 ‘¹
202 1344 298 1399 'ciale
317 1343 486 1415 Oapitulum
504 1344 648 1416 deputati,
668 1362 735 1400 cum
759 1347 791 1400 in
814 1347 857 1401 cis
881 1347 1058 1403 visitationis
1077 1348 1204 1404 officinm

156 1431 177 1459 ‘⁶
200 1429 406 1492 ‘ueroehunt
424 1428 576 1500 inquirant
587 1429 622 1484 de
638 1430 825 1486 facultatibus
839 1437 869 1486 at
880 1433 1018 1488 oneribus
1031 1432 1205 1498 eorundem

169 1517 178 1540 ⁸
201 1515 252 1568 ‘et
272 1513 308 1577 si,
326 1511 494 1584 hujusmodi
512 1513 649 1569 oneribus
668 1515 855 1586 supportatis,
871 1517 1036 1573 invenerint
1052 1518 1206 1574 facultates

157 1601 177 1626 ‘⁶
200 1597 354 1653 ‘sufficere
381 1616 434 1670 pro
462 1615 519 1652 uno
545 1598 592 1653 vel
610 1599 744 1669 pluribus
769 1600 918 1655 monachis
944 1601 981 1656 ad
1006 1602 1084 1658 dicta
1103 1602 1207 1660 Studia

158 1685 179 1711 ‘¹
201 1685 210 1710 ‘
222 1680 413 1745 destinandis,
432 1683 606 1737 relationem
624 1683 660 1737 de
679 1685 734 1739 hoc
752 1684 861 1739 faciant
879 1687 910 1739 in
923 1684 1058 1741 Generali
1072 1686 1206 1759 Oapitulo

157 1771 180 1794 “
200 1767 412 1838 ‘subsequenti
421 1789 430 1830 ;
452 1768 484 1821 in
497 1784 554 1837 quo
573 1767 778 1834 Prasidentea,
798 1787 866 1824 cum
884 1770 1006 1824 consilio
1018 1771 1066 1826 vel
1082 1789 1203 1827 assensu

158 1855 178 1879 ‘⁴
201 1852 340 1923 ‘majoris
368 1851 461 1924 partis
487 1851 625 1923 Capituli,
654 1853 795 1916 ordinent,
826 1854 999 1909 auctoritate
1026 1855 1203 1926 Apostolica,

159 1941 179 1964 ‘⁴
200 1936 304 2009 ‘juxta
332 1937 501 2008 hujusmodi
532 1938 746 2008 suppetentiam
777 1937 959 2000 facultatum,
996 1938 1032 1992 de
1064 1957 1122 1994 uno
1157 1940 1205 1996 vel

159 2023 180 2050 “
201 2020 356 2092 ‘pluribus
374 2021 522 2076 monachia
542 2021 579 2076 ad
597 2021 676 2077 dicta
695 2021 799 2077 Studia
816 2022 1018 2078 destinandis.'
1074 2041 1076 2044 ’

196 2107 216 2135 “
230 2104 316 2169 Item,
334 2123 401 2159 cum
424 2105 496 2160 licet
519 2106 551 2160 in
575 2123 607 2160 se
632 2106 775 2177 sapientia
792 2107 901 2176 vigeat,
920 2112 951 2162 et
966 2108 1142 2163 venerabilis
1166 2110 1206 2164 sit
1218 2109 1278 2160 Men

159 2193 179 2218 “
199 2195 343 2254 senectus,
369 2196 437 2245 sunt
463 2195 561 2245 tamen
588 2190 780 2245 communiter
799 2190 910 2262 ingenii
934 2192 1091 2247 obtusioris
1117 2211 1203 2264 quam
1216 2177 1343 2254 &dmm

157 2279 177 2303 ‘⁸
193 2273 327 2346 juvenes,
340 2279 370 2329 et
387 2273 423 2328 ad
441 2273 618 2329 studendum
635 2275 667 2329 in
684 2274 892 2347 philosophicis
911 2276 1008 2330 minus
1026 2277 1104 2348 apti;
1125 2295 1158 2332 ac
1173 2279 1204 2332 in
1216 2257 1341 2361 353¹&

159 2364 178 2386 ‘⁸
199 2357 397 2415 Benedictinia
411 2357 674 2414 Constitutiouibus
694 2363 848 2422 statuatur,
862 2367 897 2414 ut
914 2359 988 2414 tales
1008 2360 1154 2432 eligantur
1166 2362 1204 2417 ad
1217 2385 1273 2427 sent
1283 2385 1309 2428 ω
1320 2378 1363 2427 1110

159 2447 178 2471 ‘¹
199 2442 338 2499 Studium
355 2443 572 2498 transmittendi
591 2444 641 2514 qui
664 2443 773 2498 dociles
793 2443 911 2506 luerint,
935 2449 965 2498 et
988 2444 1026 2499 ad
1049 2444 1203 2516 adquiren·
1216 2443 1372 2509 Universitp

110 2536 114 2545 '
160 2533 179 2556 ‘¹
198 2528 270 2584 dum
291 2527 419 2582 fructum
445 2527 574 2582 scientia
599 2526 737 2597 aptiores,
761 2527 918 2583 statuimus
942 2533 976 2583 ut
999 2529 1107 2584 futuris
1131 2535 1203 2585 tem·
1216 2512 1328 2589 “³5de

159 2618 178 2642 “
198 2612 318 2686 poribus
337 2629 420 2667 senes
438 2612 470 2666 in
488 2617 573 2667 aetate
591 2613 721 2682 provecti
745 2629 799 2683 pro
820 2612 1004 2684 philosophia
1029 2613 1204 2669 addiscenda
1216 2577 1373 2644 pml⁰⁵⁰phy'

160 2701 178 2726 ‘⁴
199 2698 237 2753 ad
252 2697 389 2754 Studium
406 2714 464 2751 non
481 2697 644 2752 mittantur.
684 2696 740 2751 Oui
758 2697 847 2752 etiam
866 2697 1030 2768 adjicimus,
1045 2704 1203 2754 statuentes

160 2787 178 2810 ‘⁶
198 2791 233 2837 ut
249 2781 292 2836 hii
310 2781 361 2853 qui
378 2797 432 2852 per
450 2780 624 2836 electionem
642 2780 679 2835 ad
698 2779 838 2836 Studium
855 2780 964 2837 debent
979 2784 1150 2847 transmitti,
1169 2784 1204 2838 de

160 2870 178 2893 ‘¹
199 2865 339 2937 quolibet,
359 2863 481 2929 scilicet,
499 2864 648 2920 vicenario
665 2882 753 2930 unus,
768 2865 854 2936 juxta
874 2865 999 2920 formam
1016 2867 1048 2921 in
1065 2867 1205 2923 Benedic-

160 2954 178 2978 “
199 2949 268 3005 tinia
287 2948 551 3005 Constitutionibus
579 2949 726 3013 traditam,
752 2949 917 3020 eligantur:
949 2951 1000 3005 alii
1028 2967 1099 3005 vero
1128 2952 1207 3006 ultra

160 3038 354 3090 “numerum
385 3036 418 3090 in
447 3034 535 3089 dictis
566 3033 831 3089 Constitutionibus
859 3035 1045 3104 requisitum,
1071 3034 1108 3090 ad
1139 3035 1206 3092 Stu-

160 3117 280 3173 “dium
304 3119 471 3175 nullatenus
499 3119 746 3181 transmittantur,
770 3118 831 3173 nisi
851 3118 938 3187 juxta
959 3118 1149 3189 Capitulum3
1174 3128 1207 3175 ut

161 3207 180 3231 “
200 3203 373 3276 periculosa,
392 3203 558 3266 ³videlicet,
586 3206 619 3257 ut
644 3202 802 3273 unicnique
826 3219 927 3256 eorum
955 3219 973 3256 a
999 3219 1053 3256 suo
1076 3203 1206 3274 praelato,

160 3291 180 3315 ‘¹
200 3304 268 3343 cum
297 3289 418 3344 consilio
449 3288 495 3343 sui
518 3285 695 3350 Conventus,
713 3285 761 3341 vel
791 3284 911 3357 majoris
941 3287 1032 3357 partia
1063 3287 1205 3357 ejusdem,

160 3377 179 3402 “
200 3370 288 3427 eundi
305 3372 342 3426 ad
367 3372 505 3428 Studium
532 3371 670 3442 primitus
690 3370 729 3426 sit
754 3386 915 3426 concessas.
959 3370 1097 3442 Excepta,
1119 3378 1208 3444 prout

161 3463 180 3486 ‘⁴
201 3457 288 3514 Bulla
304 3460 370 3530 ipsa
389 3455 588 3520 declaratoria,
602 3455 739 3527 superins
757 3459 924 3518 memorata,
944 3455 1090 3526 exprimit,
1102 3455 1133 3510 in
1145 3457 1207 3512 haec

160 3547 179 3571 “
199 3543 351 3609 verba;-‘
365 3543 442 3598 Loco
462 3557 633 3612 quocunqne
659 3559 677 3594 a
701 3556 758 3610 quo
784 3538 820 3592 de
847 3539 1065 3604 consuetudine,
1092 3540 1207 3596 ordina·

161 3631 179 3655 ‘¹
201 3627 310 3692 ‘tione
336 3645 389 3683 seu
417 3630 534 3688 statuto,
563 3641 628 3694 qua
656 3623 840 3678 decernimus
870 3623 1079 3679 inviolabiliter
1109 3625 1206 3680 obser·

159 3713 177 3736 ‘¹
201 3707 325 3773 ‘vandra
343 3707 443 3780 plures
463 3705 500 3760 ad
518 3704 690 3775 hujusmodi
710 3702 815 3758 Studia
832 3702 967 3758 mittendi
986 3704 1104 3769 fuerint,
1118 3723 1206 3777 quam

161 3796 179 3820 ‘⁶
202 3791 264 3849 ‘sit
280 3791 311 3846 in
328 3791 436 3847 nostris
455 3789 639 3854 ordinatum
665 3789 773 3858 inquo
797 3788 861 3843 loco
886 3788 1021 3844 volumus
1046 3787 1123 3859 quod
1147 3807 1207 3844 ser·

161 3881 181 3905 “
201 3880 328 3931 ‘ventur
340 3875 476 3946 deinceps
489 3875 568 3929 circa
585 3872 782 3936 nominandas,
796 3871 956 3943 eligendas,
969 3879 998 3927 et
1016 3872 1206 3929 licentiandas

160 3967 179 3990 ‘⁶
201 3965 358 4032 ‘personas
373 3958 541 4030 hujusmodi
551 3958 769 4020 mittendorum,
783 3974 818 4012 ea
832 3975 897 4027 quae
909 3975 961 4028 per
975 3975 1028 4012 nos
1041 3957 1119 4012 circa
1133 3956 1206 4011 alios

159 4049 180 4073 ‘¹
201 4049 209 4073 ‘
221 4044 377 4100 mittendos
390 4044 428 4099 ad
437 4043 540 4099 Studia
554 4044 585 4096 in
600 4042 712 4098 eisdem
723 4041 985 4097 Constitutionibus
1000 4041 1205 4095 continentur)

161 4133 181 4157 ‘⁴
202 4128 349 4184 Stantem
368 4127 488 4200 ⁴plures
516 4127 675 4182 Monachos
704 4127 739 4182 de
766 4144 824 4180 uno
847 4127 1024 4180 monastario
1041 4124 1119 4178 mitti
1138 4141 1204 4178 con·

161 4217 181 4243 ‘⁴
200 4213 312 4285 tigerit,
344 4231 420 4267 unus
451 4229 561 4275 eorum,
588 4212 636 4266 cni
661 4211 716 4265 hoc
748 4228 818 4264 suus
847 4210 985 4280 praelatus
1015 4208 1202 4269 commiserit,

159 4394 172 4402 ⁰
208 4393 249 4400 α-.
264 4394 305 4400 -.
313 4393 346 4400 ..-
358 4394 410 4399 ..ην
416 4394 467 4401 -..-.<
476 4395 496 4398 <-
530 4393 536 4398 .
559 4394 573 4398 r-
584 4393 588 4398 .
608 4393 635 4398 .....
690 4393 696 4398 .
729 4392 747 4398 ..
786 4392 790 4396 .
846 4391 893 4397 --.--
906 4391 936 4398 ..-
946 4391 1075 4399 --ηιυηηυ
1084 4391 1198 4401 ...μ-η..

196 4507 202 4538 ¹
215 4508 248 4554 ait
257 4505 290 4554 iti
302 4506 329 4555 in
340 4506 395 4556 MS.
695 4507 760 4555 here.

193 4585 204 4618 ²
217 4593 345 4635 &necatur
355 4587 383 4635 in
395 4585 451 4636 Ms.
728 4585 736 4614 ⁴
747 4583 817 4647 plura
829 4583 854 4634 io
867 4582 921 4634 MS.

192 4666 205 4698 ³
216 4665 293 4718 sene
304 4668 386 4716 words
396 4680 461 4716 seem
479 4671 505 4714 lo
516 4665 548 4714 lie
559 4663 661 4713 omitted
