3038 5452
257 666 322 735 476
649 682 822 735 lrsnrnrx
849 672 906 755 (s.)

285 936 334 1001 De
358 935 713 1006 tantumtantum
734 939 974 1020 tutamentis,
997 947 1027 1005 ct
1049 939 1281 1027 dispositioni

513 1041 765 1109 Archidamum·
786 1041 798 1080 ¹
813 1042 1035 1110 rwcrvcatdc‘s.

293 1213 311 1237 “
331 1211 413 1267 Inter
431 1218 545 1277 catera,
565 1213 644 1283 quia,
661 1213 747 1283 juxta
765 1213 1004 1270 consuetudinem
1016 1213 1194 1285 Anglicanae
1206 1214 1310 1270 Euole-

257 1296 275 1319 “
295 1295 356 1358 sim,
376 1296 531 1366 dispositio
549 1314 603 1351 seu
620 1296 764 1353 ordinatio
781 1296 925 1352 bonorum
943 1298 980 1352 ab
1000 1298 1140 1354 intestato
1164 1297 1309 1354 decedan-

256 1381 275 1404 “
294 1379 370 1433 tium
389 1378 552 1434 Ordinariis
570 1381 702 1435 locorum
720 1386 766 1436 est
778 1397 930 1445 concessa3
950 1380 1083 1437 disnictc
1101 1383 1308 1454 proecipimus,

256 1464 273 1487 “
294 1461 408 1532 quando
444 1464 551 1534 aliquis
586 1464 709 1519 moritur
744 1465 910 1528 intestatus,
943 1483 996 1520 seu
1013 1465 1202 1529 interfectus,
1230 1467 1310 1539 qnod

256 1549 274 1571 “
294 1546 391 1600 omnia
408 1547 483 1602 bona
501 1547 633 1618 ejusdem
651 1547 783 1604 defuncti
805 1549 944 1605 distincte
963 1556 992 1604 et
1009 1556 1110 1620 aperte
1128 1551 1311 1623 redigamur

255 1632 273 1654 “
293 1629 323 1682 in
343 1629 528 1701 scripturam,
542 1637 573 1687 et
589 1631 667 1686 infra
684 1637 749 1688 octo
767 1633 829 1688 dies
842 1651 896 1704 per
913 1633 1063 1698 Rectorcs,
1082 1633 1238 1700 Vicarios,
1258 1653 1311 1691 seu

255 1715 273 1737 “
293 1711 464 1783 Capellanos
483 1716 674 1786 parochiales,
694 1715 907 1772 Archidiacono
924 1723 1025 1773 nostro
1036 1722 1311 1788 repraesentatum

254 1799 326 1851 “ut
352 1797 425 1869 ipse,
445 1804 532 1869 prout
558 1800 661 1853 animos
681 1799 813 1869 ejusdem
838 1800 968 1855 defuncti
986 1800 1083 1871 magis
1101 1801 1221 1858 viderit
1246 1821 1312 1874 pro·

253 1883 273 1906 “
292 1880 389 1945 ficere,
403 1881 439 1936 de
458 1881 568 1937 eisdem
580 1882 663 1937 bonis
677 1883 801 1946 ordinet,
817 1887 846 1938 et
858 1883 969 1948 eadem,
984 1889 1073 1955 prout
1083 1885 1186 1956 magis
1200 1885 1312 1940 viderit

253 1968 272 1990 “
292 1965 437 2036 expedire,
457 1965 615 2021 distribuat
632 1973 662 2021 et
679 1967 821 2037 disponat.

251 2174 300 2239 De
323 2173 463 2240 wenis
484 2173 524 2239 ia
554 2174 777 2259 Confessionc,
799 2196 858 2239 sec
879 2174 1141 2242 ministratioow
1156 2176 1311 2243 'Eraclia-

562 2271 680 2354 riatt'oJ,
703 2299 775 2341 troc
798 2277 979 2362 cciqeaclis.

288 2431 307 2456 “
326 2428 495 2499 Presbyteri
514 2433 671 2484 tractatum
683 2428 719 2483 de
731 2427 864 2492 decimis,
879 2447 931 2483 sen
950 2429 1016 2483 aliis
1028 2431 1260 2500 temporalibus,
1279 2433 1311 2487 in

252 2515 271 2539 ⁴‘
291 2513 519 2567 confessionibus
538 2511 689 2567 audiendis
717 2529 774 2566 non
799 2513 987 2584 premittunt,
1016 2531 1069 2567 seu
1096 2514 1308 2586 interponmrt3

252 2600 271 2622 ‘⁸
291 2595 344 2649 sed
373 2595 533 2665 diligenter
562 2594 730 2667 ³cxponant
754 2596 881 2667 qualiter
906 2596 1030 2651 debeant
1060 2598 1208 2663 confiteri,
1230 2602 1311 2672 qnis-

252 2684 270 2707 “
291 2697 348 2751 que
368 2680 407 2735 sit
425 2680 540 2734 fructus
565 2680 761 2751 poenitentiae:
783 2686 835 2735 aut
853 2680 976 2751 expletis
995 2681 1144 2746 omnibus,
1164 2689 1242 2739 tnnc
1260 2685 1310 2738 de·

253 2768 271 2792 ‘⁶
290 2780 372 2817 mum
398 2768 498 2833 petant
525 2781 590 2832 quar
622 2763 658 2817 de
689 2763 821 2828 decimis,
853 2765 900 2818 vel
932 2764 998 2818 aliis
1017 2764 1152 2820 ecclesias
1184 2767 1306 2826 debitis.

253 2852 271 2876 ‘⁶
291 2848 482 2902 debebantur.
522 2846 675 2912 Similiter,
703 2848 733 2901 in
759 2855 942 2903 sacrosancto
967 2848 1014 2902 die
1038 2849 1171 2913 Paschae,
1194 2851 1308 2922 absque

253 2937 271 2959 “
291 2933 353 2988 ulla
377 2932 524 2987 exactione
562 2931 663 2994 debiti,
696 2932 825 2995 decimae,
861 2950 913 2987 seu
943 2931 1108 2996 oblationis,
1138 2934 1309 2989 liberaliter

252 3021 271 3044 “
291 3018 442 3072 conferant
463 3015 577 3087 Corpus
597 3015 726 3080 Christi3
753 3015 831 3086 quod
852 3017 941 3070 etiam
961 3016 991 3070 in
1011 3017 1079 3071 aliis
1102 3017 1306 3074 Sacramentia

252 3106 271 3128 ⁴‘
291 3102 478 3172 praecipimus
508 3100 666 3154 observari.
704 3098 788 3167 Quod
806 3099 832 3154 si
850 3107 1032 3171 compertum
1051 3102 1143 3156 fuerit
1166 3120 1220 3157 eos
1239 3120 1307 3157 con-

253 3190 271 3212 “
291 3186 446 3248 travenire,
469 3185 600 3256 graviter
617 3185 671 3237 hoo
691 3183 877 3254 praecipimus
897 3185 1050 3240 vindicari.

447 3486 497 3553 Dc
513 3485 628 3573 furtis
651 3491 680 3551 et
703 3484 845 3571 rupicis
867 3485 1096 3552 restituendis.

286 3660 305 3684 ‘⁴
319 3657 378 3710 Pro
402 3656 489 3710 furtis
514 3657 611 3714 etiam.
638 3664 668 3711 et
692 3656 813 3727 rapinis,
840 3672 893 3711 seu
917 3656 1041 3722 damnis,
1063 3656 1131 3711 aliis
1149 3658 1301 3726 irrogatis,

251 3743 270 3768 ‘⁶
290 3740 449 3794 Missurum
474 3740 623 3802 solemnio,
644 3758 697 3794 seu
721 3740 921 3809 eleemosynas
946 3740 1103 3801 faciendas,
1127 3759 1185 3795 non
1203 3742 1303 3811 injun-

252 3829 271 3853 “
292 3831 373 3896 gsrrt,
392 3841 491 3877 rerum
510 3824 695 3878 restitutione
714 3825 929 3893 praetemissa;
956 3824 1008 3878 sed
1029 3831 1095 3878 ante
1117 3826 1217 3880 omnio
1235 3843 1304 3882 rem

252 3908 409 3964 “restitui
439 3907 578 3962 damnum
607 3908 702 3977 passis
742 3908 924 3979 praecipiant,
957 3908 981 3961 si
1014 3909 1124 3962 sciatur
1154 3910 1203 3963 eui
1234 3908 1302 3964 lieri

251 3999 270 4023 “
290 3996 395 4050 debeat
413 3993 571 4049 restitutio.
587 3999 617 4046 et
635 3992 672 4045 ad
689 3992 743 4046 hoo
757 3993 914 4047 habuerint
926 3992 1105 4056 facultatem,
1119 4011 1197 4055 cum,
1215 3994 1305 4062 justa

252 4085 270 4107 ‘⁴
292 4081 389 4135 Sacrae
415 4077 596 4147 ⁴Scripturre
623 4077 833 4140 testimonium,
861 4094 918 4131 non
942 4076 1108 4132 dimittatur
1134 4086 1302 4148 peceatum,

253 4168 271 4191 ‘⁶
292 4165 350 4218 nisi
368 4164 541 4218 restituatur
560 4160 698 4214 ablatum.

282 4458 438 4507 ¹reemrrnt⁹
452 4457 477 4505 in
495 4457 549 4506 MS.
828 4458 993 4519 ‘exponentes
1003 4456 1028 4504 in
1040 4456 1095 4507 MS.

282 4538 448 4586 *lutatus
459 4537 483 4584 in
497 4537 553 4585 MS.
769 4572 773 4585 .
829 4535 839 4564 ⁴
854 4533 932 4585 Leeit.
944 4536 977 4584 vi.
989 4542 1013 4585 4.
