3022 5460
413 730 621 781 uontsruun
645 733 765 781 sinon
789 732 922 783 unuani.
1128 717 1191 788 173

185 922 203 946 “
225 918 332 982 ‘Item,
354 918 432 989 quod
457 918 583 974 habeant
601 918 770 973 ¹commune
790 919 822 972 in
848 919 945 983 terris,
968 917 1074 981 boscis,
1094 918 1188 987 aquis,
1236 917 1322 983 Hugh.

149 1005 168 1029 “
188 1003 353 1074 ‘piscariia
386 1010 416 1057 et
445 1003 510 1057 aliis
540 1001 829 1066 ²commoditatibus;
862 1002 938 1057 siout
967 1002 1130 1057 continetur
1160 1001 1191 1055 iu
1252 986 1312 1099 Ἤ

149 1091 168 1114 “
189 1085 380 1159 ‘Dmaesday‚
402 1095 431 1142 et
450 1087 526 1143 sicut
543 1086 705 1157 antiquitus
723 1085 832 1140 habero
851 1086 983 1141 solebant
1000 1103 1053 1156 per
1072 1085 1190 1140 easdem
1246 1058 1324 1167 AB?

149 1173 168 1197 “
188 1171 368 1227 ‘libertates
1221 1187 1342 1234 ηοω-96.

185 1257 204 1281 “
225 1255 332 1320 ‘Item,
353 1254 430 1326 quod
453 1255 542 1310 liceat
558 1255 602 1309 eis
619 1254 726 1309 habere
750 1253 842 1309 molas
867 1255 1026 1317 manuales,
1046 1254 1123 1309 siout
1140 1254 1190 1308 ha·
1247 1277 1314 1291 --

149 1340 167 1363 “
190 1338 277 1392 ‘bere
296 1338 441 1403 solebant;
462 1344 492 1392 et
510 1338 587 1409 quod
606 1339 648 1393 eis
673 1339 744 1393 fiant
761 1337 890 1392 omendae
909 1337 944 1393 de
964 1337 1087 1403 damnis,
1110 1338 1190 1408 'quae

150 1423 169 1447 “
191 1424 265 1493 ‘per
282 1421 449 1492 hujusmodi
468 1423 670 1477 sustinuerunt
688 1422 843 1476 defectum⁴

186 1508 205 1532 “
227 1506 333 1569 ‘Item,
361 1505 439 1575 quod
463 1504 589 1559 ballivus
607 1505 687 1559 villas
713 1504 811 1559 Sancti
835 1505 943 1559 Albani
963 1505 1081 1575 juratus
1105 1505 1193 1559 faciat

150 1591 169 1615 “
192 1594 311 1644 ‘omnes
336 1589 520 1643 executiones
543 1588 629 1643 dictae
647 1589 726 1642 villae
744 1589 780 1643 de
799 1594 914 1651 caetero,
935 1589 1042 1659 absque
1065 1589 1192 1660 interpo-

150 1676 169 1700 “
191 1674 317 1728 ‘sitione
341 1672 443 1727 ballivi
472 1672 624 1736 ⁴Abbatis‚
651 1673 699 1726 vel
723 1673 922 1743 cujuscunque
953 1673 1084 1736 alterius,
1117 1673 1194 1726 sicut

150 1759 168 1782 “
191 1757 325 1810 ‘caetmis
344 1756 524 1827 temporibus
543 1757 711 1811 consuevit'

186 1839 353 1894 “Tandem
377 1840 563 1911 magnatibus
592 1846 623 1895 et
646 1840 848 1895 communibus
873 1841 975 1894 amicis
1000 1840 1194 1894 intervenien-

150 1926 170 1950 “
189 1924 277 1985 tibus,
297 1929 452 1994 postquam
475 1924 574 1995 plures
594 1930 734 1979 tractatus
759 1924 835 1978 inter
853 1925 932 1994 ipsas
951 1930 1049 1995 partes
1067 1924 1191 1988 habitos,

151 2010 170 2033 “
189 2007 335 2061 contentio
353 2007 431 2062 inter
443 2013 636 2062 memoratum
649 2007 805 2061 Dominum
816 2006 985 2077 Hugonem,
994 2008 1149 2073 Abbatem,
1164 2013 1195 2062 et

151 2094 169 2118 “
190 2092 427 2146 communitatem
439 2090 517 2145 villae
533 2090 632 2145 Sancti
644 2090 749 2145 Albani
762 2090 940 2161 praedictam,
955 2091 1121 2161 conquievit
1139 2091 1193 2145 sub

151 2177 170 2201 ‘⁶
190 2181 270 2230 certa
287 2175 381 2238 forma
398 2176 429 2228 in
448 2174 574 2246 quodam
593 2175 711 2245 scripto,
731 2174 808 2228 inter
832 2175 911 2244 ipsas
936 2181 1034 2244 partes
1053 2176 1191 2238 confecto,

151 2262 170 2286 “
190 2264 325 2314 contenta
350 2266 380 2314 et
404 2259 534 2322 recitata,
563 2258 722 2314 secuudum
750 2257 827 2328 quod
853 2275 906 2329 per
931 2258 1027 2328 ipsum
1052 2260 1194 2329 scriptum

151 2345 171 2370 ⁴⁴
191 2343 371 2398 intuentibus
397 2343 514 2414 plenius
533 2342 645 2412 liquere
674 2348 780 2412 potest.
818 2342 878 2396 Pro
896 2342 981 2412 cujus
1001 2343 1105 2414 scripti
1123 2361 1189 2398 con·

152 2426 354 2496 “signatione
381 2432 411 2481 et
437 2427 621 2481 concessione
652 2425 731 2480 idem
756 2426 855 2481 Abbas
885 2431 981 2481 totum
1011 2426 1194 2482 Conventum

151 2513 171 2536 ‘⁴
190 2509 362 2565 Monasterii
380 2510 416 2564 de
436 2510 542 2564 Sancto
560 2510 674 2564 Albano
691 2510 723 2563 in
744 2509 889 2580 Capitulo,
909 2509 1024 2564 decima
1048 2516 1130 2565 serta
1147 2509 1195 2565 die

151 2596 171 2620 “
191 2593 300 2648 mensis
317 2592 430 2657 Martii,
459 2601 581 2648 annuet
606 2592 768 2647 Indictioue
792 2593 951 2663 praedictis,
972 2594 1111 2664 praecepit
1130 2611 1197 2648 con·

152 2680 171 2705 “
191 2678 314 2748 gregari
340 2683 369 2731 at
395 2676 559 2732 coadunari.
597 2677 730 2747 Cumque
748 2678 888 2747 praefatus
915 2677 1058 2732 Dominus
1084 2678 1193 2742 Abbas,

152 2762 363 2833 “Capitulum
388 2760 560 2816 Monasterii
579 2760 614 2815 de
643 2761 750 2816 Sancto
767 2760 882 2815 Albano
909 2761 1069 2831 ingressus,
1089 2761 1196 2832 inquo

152 2848 172 2873 ‘⁶
192 2846 285 2900 multo
304 2846 403 2917 plures
417 2863 503 2916 quam
524 2845 588 2900 duoe
606 2852 704 2916 partes
718 2844 885 2900 Conventus
897 2851 1055 2917 praesentes
1069 2846 1195 2910 luerunt,

152 2932 171 2956 “
191 2929 275 2985 lectis
302 2929 439 3000 primitus
465 2947 562 2984 coram
588 2929 697 2983 ibidem
722 2929 908 3000 cougregatis
935 2929 1067 2984 articulis
1094 2948 1195 3001 supra-

151 3015 170 3040 ‘·'
191 3014 319 3084 scriptis,
339 3014 473 3084 lectoque
500 3013 588 3068 etiam
609 3012 686 3068 dioto
714 3013 832 3084 scripto,
862 3012 898 3066 de
924 3031 981 3083 quo
1010 3014 1144 3084 superius
1163 3015 1196 3067 fit

153 3100 172 3122 “
192 3097 309 3161 montio,
324 3097 489 3167 cujusmodi
507 3097 649 3167 scriptum
668 3096 767 3167 sigillo
786 3097 931 3151 communi
945 3097 1073 3168 Capituli
1092 3115 1195 3151 eorun-

152 3183 172 3207 “
192 3179 257 3234 dem
266 3181 376 3252 signari
389 3180 542 3251 petivisset
550 3203 558 3244 ;
568 3197 667 3234 omues
680 3180 813 3233 monachi
826 3186 856 3233 et
868 3180 978 3250 singuli
987 3180 1023 3234 de
1033 3180 1193 3246 Conventa,

152 3265 172 3290 ‘⁴
192 3264 269 3318 sicut
292 3264 490 3334 praemittitur,
511 3262 678 3334 Capitulum
705 3264 853 3326 facientes,
872 3264 1003 3318 unanimi
1028 3283 1148 3319 assensu
1167 3273 1197 3320 et

153 3350 172 3375 ‘⁴
192 3346 352 3412 voluntate,
366 3346 498 3417 petitioni
517 3345 587 3401 dicti
601 3346 719 3403 Domim‘
737 3346 861 3401 Abbatis
880 3347 925 3401 sui
944 3365 1010 3401 cum
1030 3347 1135 3403 effectu
1151 3367 1197 3403 re·

154 3433 173 3457 ‘⁴
195 3431 346 3494 sistebant,
368 3436 399 3485 et
416 3429 573 3484 resistebat
591 3430 715 3500 quilibet
732 3429 900 3495 eorundem,
914 3431 1042 3486 dicentes
1062 3449 1198 3502 expresso

153 3517 173 3543 ‘⁴
194 3515 272 3586 quod
290 3515 377 3571 citius
396 3514 470 3569 mori
489 3514 619 3578 mallent,
640 3531 728 3584 quam
746 3514 888 3584 scriptum
912 3515 1080 3585 hujusmodi
1098 3515 1198 3586 sigillo

152 3601 174 3626 “
193 3616 295 3654 eorum
313 3599 459 3655 communi
487 3598 675 3668 consignare3
694 3601 834 3668 ponentes
852 3598 942 3652 verba
966 3615 1075 3663 eorum,
1096 3606 1126 3654 et
1149 3616 1198 3653 cu·

154 3685 174 3710 “
190 3683 315 3753 juslibet
335 3701 445 3747 eorum,
466 3681 495 3735 in
523 3700 572 3736 ore
598 3680 711 3736 Fratris
729 3679 849 3734 Ricardi
874 3680 910 3734 de
936 3680 1074 3746 Paxtone,
1094 3682 1198 3736 Archi-

154 3768 174 3792 “
194 3765 306 3821 diaconi
323 3766 495 3822 Monasterii
514 3765 690 3836 supradicti;
715 3765 812 3835 ipsum
837 3771 946 3820 attente
964 3772 1101 3836 rogantes
1120 3765 1198 3836 quod

155 3851 174 3876 ‘⁴
194 3851 310 3904 nomine
329 3851 459 3904 omnium
480 3856 510 3904 et
531 3849 711 3919 singulorum
731 3849 766 3903 ds
794 3847 939 3920 Capitulo,
959 3868 992 3904 ac
1014 3867 1075 3915 suo,
1095 3850 1197 3921 hujus·

155 3933 274 3988 “modi
298 3933 409 3988 laceret
432 3932 698 4004 ‘protestationem
737 3931 793 4000 Qui
819 3932 936 4002 quidem
955 3933 1195 3999 Archidiacouus,

154 4020 174 4045 ‘⁸
193 4017 309 4071 nomine
327 4035 389 4080 suo,
408 4034 441 4070 ac
459 4017 548 4071 etiam
562 4017 691 4069 omnium
711 4020 741 4069 et
758 4016 941 4085 singulorum
960 4016 995 4071 de
1009 4017 1153 4089 Capitulo,
1168 4024 1198 4072 et

155 4104 175 4129 ‘⁶
197 4100 325 4172 Capituli
352 4101 478 4163 nomine,
497 4100 712 4170 protestabatur
741 4117 771 4154 se
800 4099 911 4154 dictum
938 4100 1079 4172 scriptum
1098 4101 1197 4170 sigillo
1265 4159 1266 4162 ,

158 4188 177 4213 ‘⁸
197 4185 342 4240 communi
368 4184 446 4238 nolle
472 4184 645 4254 consignare
665 4183 865 4254 quovismodo,
889 4183 940 4238 sed
957 4185 1043 4239 citius
1061 4202 1114 4254 pro
1129 4185 1197 4254 jure

80 4486 84 4497 ·
185 4466 195 4499 ¹
207 4484 303 4517 comune
313 4467 339 4515 in
351 4466 408 4517 MS.
728 4465 850 4517 metuas
860 4466 886 4515 iu
894 4467 950 4517 MS.

186 4544 485 4596 2οοηιοᾰὶὶιιτίὁιιιεὶιιΜᾶ
730 4547 776 4596 ⁵0!
796 4547 816 4595 is
836 4546 943 4596 inserted
963 4545 1058 4596 herein
1077 4548 1142 4605 MS,
1160 4548 1194 4610 by

187 4626 255 4690 3ᾳιιο
266 4626 292 4674 iu
305 4625 370 4684 MS,
381 4626 416 4688 by
427 4625 609 4674 inadverteuce.
671 4637 676 4669 ι
694 4625 807 4674 mistake.
