3038 5452
547 723 726 774 mauroix
752 708 813 798 (o.)

453 911 501 977 De
526 910 705 978 dilectione
727 910 907 979 Fratrum.

195 1038 353 1093 “Fratres
379 1056 468 1110 super
493 1039 592 1094 omnia
618 1040 745 1111 diligant
771 1040 877 1104 Deum,
898 1040 1003 1095 deinde
1031 1040 1206 1113 proximum,

153 1122 334 1177 “fraterna
361 1121 526 1179 dilectionis
551 1129 685 1180 mutuam
712 1124 791 1179 inter
817 1141 849 1179 se
875 1123 1016 1179 habentes
1035 1124 1207 1190 caritatem

153 1209 175 1234 ‘⁴
196 1205 267 1276 quia
283 1205 341 1260 ista
357 1213 505 1277 praeoepta
523 1215 592 1262 sunt
609 1207 813 1279 principaliter
831 1207 1022 1274 observanda,
1041 1207 1074 1263 in
1098 1208 1208 1278 quibus

155 1291 176 1316 “
196 1294 258 1344 tota
275 1289 323 1345 lex
339 1290 456 1360 pandet,
477 1296 507 1347 et
525 1290 690 1363 Prophetae.

463 1437 511 1503 De
525 1436 634 1504 Horis
648 1437 892 1526 nuntiandis.

186 1568 205 1592 ‘⁴
215 1563 301 1620 Mane
313 1581 454 1637 campana
463 1564 581 1636 pulsata
593 1562 631 1621 ad
645 1565 743 1621 Horas
757 1566 918 1622 Oanonioas
931 1566 1099 1633 audiendas,
1109 1586 1210 1626 omnes

155 1651 176 1675 “
196 1653 329 1719 surgant,
350 1653 389 1713 et,
408 1645 520 1703 indutis
540 1647 621 1719 oapia
642 1648 762 1714 clausis,
783 1654 851 1704 eant
869 1649 908 1703 ad
925 1649 1090 1716 ecelesiam,
1110 1651 1212 1707 divina

157 1735 177 1759 ¹‘
197 1731 338 1802 obsequia
349 1731 479 1787 audituri
490 1753 498 1798 3
518 1749 607 1803 quam
619 1747 687 1786 oum
699 1732 827 1802 ingressi
840 1732 958 1797 fuerint,
972 1751 1072 1788 omnes
1090 1734 1212 1792 sedeant

157 1818 177 1841 ‘⁴
197 1832 250 1886 per
274 1814 416 1880 ordinem,
443 1814 604 1870 seeundum
633 1820 750 1886 tempus
773 1833 831 1886 quo
856 1815 985 1887 ingressi
1009 1821 1078 1872 sunt
1096 1816 1210 1873 dietum

158 1900 179 1924 “
198 1897 352 1968 hospitale,
366 1898 409 1953 ita
427 1897 507 1969 quod
524 1897 624 1953 nullus
642 1914 696 1969 per
715 1898 883 1968 superbiam
896 1897 994 1954 looum
1012 1899 1134 1956 alterius
1153 1901 1210 1957 sibi

158 1982 179 2007 “
198 1979 353 2036 voudioare
375 1987 551 2053 praesumat;
580 1981 639 2037 nisi
663 1981 738 2036 forte
756 1981 903 2053 Magister
928 1981 1066 2053 aliquem,
1091 1989 1211 2056 propter

159 2071 178 2095 ‘⁶
197 2067 401 2135 reverentiam,
416 2068 464 2124 vel
476 2069 653 2141 dignitatem
666 2087 798 2142 personae
810 2069 858 2124 vel
872 2069 992 2134 ordinis,
1004 2070 1072 2126 aliis
1084 2071 1212 2128 voluerit

158 2154 178 2178 ‘⁶
197 2151 346 2223 proferre,
363 2152 482 2222 justitia
506 2152 652 2223 exigente.
698 2153 780 2208 Illud
798 2171 883 2209 mane
902 2153 945 2209 sio
966 2158 1157 2226 temperetur,
1176 2162 1212 2211 ut

159 2238 178 2262 ‘¹
198 2235 273 2289 nulli
285 2235 325 2290 sit
336 2253 500 2302 onerosum,
513 2236 565 2291 sed
577 2236 615 2290 ad
627 2241 635 2272 ¹
645 2236 854 2292 assiamentum
867 2237 997 2292 omnium
1008 2238 1208 2305 infirmorum

159 2321 179 2345 ‘⁴
199 2325 232 2374 ut
249 2319 350 2375 nullus
369 2320 463 2392 possit
481 2338 513 2376 se
532 2337 683 2386 excusare,
702 2321 762 2376 nisi
779 2319 911 2392 Tgraviori
929 2321 1100 2378 infirmitate
1118 2324 1211 2379 fuerit

160 2405 179 2429 “
200 2402 344 2458 detentus.
382 2402 524 2459 Omnibus
544 2420 616 2474 ergo
633 2403 745 2475 pariter
762 2404 794 2458 in
812 2405 946 2471 eoelesia,
968 2410 1003 2461 ut
1020 2406 1132 2463 dictum
1154 2412 1208 2472 est,

158 2490 176 2515 ‘⁴
196 2486 393 2559 congregatis,
413 2486 565 2542 silentium
585 2492 712 2552 teneant,
732 2486 824 2561 donea
843 2488 999 2544 servitium
1017 2488 1209 2561 compleatur.

537 2634 586 2700 Do
608 2632 832 2701 Stationibua.

194 2752 214 2777 “
225 2748 335 2805 Nullus
353 2755 452 2807 autem
465 2749 592 2805 fratrum
609 2754 772 2820 prasumat
789 2748 889 2805 ¹exire
902 2755 995 2807 metas
1013 2751 1134 2824 hospitii
1152 2751 1209 2818 sui,

158 2835 177 2859 ‘⁶
198 2832 320 2898 scilieet,
341 2851 446 2889 versus
474 2831 588 2902 regiam
611 2832 700 2897 viam,
727 2832 790 2887 sine
818 2850 890 2904 capa
913 2834 1023 2900 olausa,
1052 2835 1148 2891 eundo
1174 2833 1212 2892 ad

159 2918 178 2943 “
199 2916 362 2982 ecelesiam,
381 2915 430 2972 vel
448 2915 614 2971 redeundo:
641 2933 696 2971 neo
714 2916 823 2972 faciant
842 2917 982 2973 stationes
1006 2918 1055 2974 vel
1073 2919 1211 2975 deambu-

157 3003 176 3027 “
196 3000 319 3057 lotiones
337 3000 370 3055 in
381 2998 462 3055 diota
479 3004 581 3062 strata,
593 3004 661 3054 ante
674 2999 839 3065 servitium,
853 3000 902 3054 vel
914 3006 982 3071 post
989 3022 997 3066 ;
1017 3001 1116 3067 immo,
1129 3002 1213 3057 nulla

159 3087 179 3110 “
199 3083 271 3138 hora
297 3084 366 3148 diei,
394 3088 461 3139 ante
486 3081 653 3155 prandium,
680 3083 729 3138 vel
755 3089 831 3154 post.
878 3083 938 3138 Sed
964 3083 1065 3140 divino
1095 3085 1212 3156 expleto

159 3171 179 3195 “
197 3167 299 3231 officio,
317 3184 385 3223 oum
403 3166 482 3222 omni
500 3165 671 3221 maturitate
695 3166 901 3237 ingrediantur
919 3166 1047 3238 hospitia
1065 3187 1127 3233 sua,
1152 3168 1212 3224 nisi

160 3253 180 3277 “
200 3251 274 3306 forto
293 3250 401 3321 aliquis
420 3249 549 3305 voluerit
566 3250 663 3305 faeere
681 3268 794 3305 moram
812 3251 844 3304 iu
861 3250 995 3317 aeclesia,
1016 3256 1050 3307 ut
1075 3252 1212 3308 orationi·

158 3338 179 3362 ‘⁴
198 3335 254 3390 bus
271 3339 365 3400 vacet,
385 3338 416 3390 et
434 3333 682 3404 contemplationi.

481 3485 580 3565 ltom,
600 3483 640 3550 do
662 3483 888 3551 sueonibus.

197 3613 375 3670 “Similiter
393 3611 559 3668 inhibemus
578 3628 614 3666 ne
634 3610 774 3666 stationes
792 3611 864 3667 fiant
883 3611 913 3666 in
930 3612 1059 3684 pentioio
1083 3616 1162 3686 quod
1180 3633 1213 3672 se

159 3697 329 3753 “extendit
355 3697 387 3752 in
412 3695 597 3767 longitudine
623 3701 690 3750 ante
715 3693 816 3751 domos
844 3696 970 3752 fratrum
999 3716 1103 3755 versus
1132 3699 1212 3755 viam

159 3786 179 3811 ‘⁶
197 3783 329 3855 regiam
348 3800 402 3839 neo
421 3782 578 3854 quisquam
597 3781 723 3836 fratrum
735 3787 834 3838 laneat
852 3782 893 3837 ibi
905 3783 1132 3853 parliamentum
1144 3803 1212 3839 oum

161 3870 181 3894 “
200 3867 258 3922 alio
276 3867 378 3922 fratre.
414 3865 474 3922 Sed
492 3866 519 3920 si
537 3865 604 3934 quis
623 3865 748 3920 fratrum
761 3866 890 3922 voluerit
905 3866 1014 3922 habere
1032 3867 1211 3937 colloquium

161 3953 180 3978 ‘⁴
200 3968 267 4005 oum
286 3951 386 4021 aliquo
410 3950 511 4012 fratro,
536 3952 668 4002 transeat
684 3947 816 4004 ordinate
841 3966 894 4021 per
919 3949 1031 4005 dictum
1051 3949 1212 4020 pentioium

162 4037 181 4062 ‘⁴
200 4035 413 4106 unusquisque,
426 4033 500 4088 alter
518 4031 555 4086 ad
573 4029 709 4095 alterum,
728 4047 782 4100 pro
800 4031 885 4086 libito
904 4049 967 4097 suo,
988 4032 1050 4088 sine
1069 4032 1210 4100 statione;

161 4121 181 4145 ‘¹
200 4116 258 4173 nisi
278 4118 353 4173 forte
366 4117 473 4187 aliquis
486 4121 640 4170 extraneus
653 4113 681 4167 ei
694 4113 866 4176 obviaverit,
879 4131 946 4168 cum
959 4132 1017 4185 quo
1029 4115 1159 4172 breviter
1171 4117 1212 4173 lo·

159 4203 178 4228 “
198 4207 315 4271 quatur,
330 4210 360 4255 et
371 4205 511 4256 transeat.
551 4197 610 4252 Sed
623 4197 649 4251 si
661 4196 770 4267 probus
783 4197 879 4260 homo,
892 4203 923 4251 et
934 4198 1083 4264 honestus,
1097 4202 1213 4258 venerit

162 4287 180 4311 “
200 4284 251 4348 ibi,
271 4301 361 4340 eausa
378 4283 527 4337 infirmum
547 4282 668 4336 fratrem
686 4279 838 4346 visitandi,
858 4280 1044 4352 ingrediatur
1068 4282 1106 4338 ad
1124 4301 1211 4352 oum;

161 4370 180 4395 ‘¹
201 4373 231 4423 et
248 4368 328 4439 quod
345 4367 453 4423 bonum
471 4372 526 4432 est,
547 4365 672 4420 invicem
690 4363 856 4435 loquantur.

195 4556 408 4605 1αιιὶιιιίιιιιιίιειιιι
424 4554 450 4603 in
470 4549 525 4604 MS.
538 4552 659 4605 Claudius
747 4552 862 4615 Quique
874 4551 898 4600 iu
912 4552 968 4603 MS.
981 4552 1103 4604 Claudius
1119 4555 1149 4604 E.
1161 4555 1211 4617 iv.;

160 4636 191 4689 E
200 4634 245 4696 iv.;
256 4634 386 4686 oomoted
393 4633 457 4684 from
465 4630 521 4682 MS.
529 4631 596 4682 Nero
603 4631 635 4681 D.
643 4631 661 4681 i.
713 4631 840 4682 corrected
852 4630 915 4681 from
927 4630 984 4683 ΜΒ.
995 4631 1064 4684 Nero
1075 4633 1107 4683 l).
1119 4632 1135 4684 i.
