3038 5452
336 679 378 742 34
713 691 819 739 essm
842 691 1007 741 ssssrun

178 884 315 946 JolrnIIL,
338 881 356 904 ‘⁶
375 879 470 941 modo,
501 879 612 933 ratione
639 880 798 934 vocationis
829 878 919 941 illius,
946 896 978 932 se
1003 878 1034 931 in
1060 877 1159 948 aliquo
1184 878 1382 942 intromittm

219 952 279 1001 “lh
338 964 356 987 ‘⁶
375 962 429 1017 hoe
448 969 546 1016 tomen
563 970 690 1035 excepto,
706 963 784 1034 quod
802 962 941 1017 Escaetor
953 962 1001 1016 vel
1020 962 1096 1017 alius
1117 962 1252 1018 minister
1270 967 1381 1027 noster,

200 1018 296 1134 {blfft’
338 1048 355 1070 ‘⁸
375 1063 429 1100 seu
445 1046 594 1101 haeredum
611 1054 787 1110 nostrorum,
802 1047 853 1117 qui
864 1064 918 1116 pro
930 1053 1061 1116 tempore
1072 1046 1172 1109 fuerit,
1192 1047 1270 1100 infra
1280 1052 1383 1117 portus

167 1122 322 1202 129021301.
337 1132 355 1156 ‘⁸
374 1137 487 1185 tantum
498 1132 651 1186 Abbatbiae
670 1133 817 1203 praedictoe
838 1132 869 1184 in
888 1130 1032 1202 principio
1049 1129 1383 1200 cujuslibetvacationis

211 1245 277 1257 —
336 1216 355 1240 “
374 1214 505 1285 ejusdem
523 1216 678 1286 quamdam
697 1216 859 1286 simplicem
878 1215 1025 1279 seisinam,
1047 1215 1165 1269 nomine
1185 1216 1278 1270 noemi
1302 1215 1383 1286 regii

335 1302 353 1324 ‘⁶
374 1298 503 1362 dominii,
532 1300 651 1370 capiat3
685 1305 715 1354 et
742 1317 776 1354 ea
803 1301 845 1353 sic
873 1304 965 1369 cepta,
993 1299 1093 1353 statim
1119 1298 1222 1353 exinde
1250 1297 1380 1376 recedqt,

334 1384 352 1407 ‘⁶
371 1382 481 1453 absque
505 1382 603 1453 aliquo
636 1383 784 1453 capiendo,
812 1383 858 1436 vel
884 1383 972 1437 etiam
1002 1381 1194 1452 asportand03
1228 1384 1271 1437 ita
1299 1381 1382 1454 quod

332 1468 350 1492 “
369 1465 446 1520 ultra
463 1483 554 1519 unum
578 1466 666 1529 diem,
695 1467 846 1521 occasione
873 1467 989 1520 seisinae
1014 1465 1173 1537 praedictae,
1201 1482 1316 1521 morem
1333 1466 1378 1520 ibi

332 1551 350 1574 ‘⁶
369 1567 426 1603 non
445 1550 541 1612 faciat,
555 1566 608 1603 nec
626 1549 754 1620 aliquem
767 1549 878 1603 ibidem
891 1549 1049 1604 substituat
1060 1549 1124 1604 loeo
1136 1549 1192 1605 sui.
1231 1548 1379 1605 Volumus

332 1635 350 1657 “
369 1633 497 1703 insuper,
535 1638 565 1687 et
589 1632 784 1696 concedimus,
817 1651 870 1704 pro
895 1633 978 1689 nobis
1005 1640 1034 1688 et
1059 1632 1226 1688 haeredibus
1256 1634 1377 1699 nostiis,

331 1717 350 1742 ‘⁸
370 1716 448 1786 quod
466 1717 492 1771 si
509 1735 562 1771 nos
580 1717 711 1777 forsitan.
726 1717 774 1771 vel
792 1717 923 1772 haeredes
941 1717 1045 1780 nostri,
1060 1717 1159 1786 aliquo
1177 1723 1311 1787 tempore
1328 1735 1379 1773 va-

332 1801 350 1825 “
370 1800 491 1854 cationis
517 1800 671 1855 Abbathiae
699 1801 848 1871 praedicte
875 1802 1037 1856 exercitum
1062 1808 1195 1855 nostrum
1219 1800 1379 1856 fecerimus

332 1886 350 1908 ‘⁴
370 1885 557 1949 summoneri,
571 1885 704 1955 prssdicti
716 1885 802 1939 Prior
818 1892 849 1940 et
868 1885 1045 1947 Conventus,
1066 1891 1096 1938 et
1114 1901 1299 1940 successores
1318 1886 1377 1950 sui,

331 1970 349 1993 ‘⁴
368 1985 421 2038 pro
438 1969 565 2039 propriis
584 1978 614 2022 et
632 1969 785 2023 dominicis
805 1969 897 2023 feodis
916 1968 1045 2023 militum
1056 1967 1209 2022 Abbathioe
1232 1967 1325 2033 illius,
1346 1970 1378 2023 in

330 2054 349 2077 “
368 2053 501 2105 munibus
520 2052 651 2122 ipsorum
669 2051 780 2106 Prioris
798 2059 828 2106 et
846 2052 1012 2107 Conventus
1029 2059 1099 2107 tunc
1118 2051 1321 2118 existentibus,
1340 2052 1379 2107 ad

330 2137 522 2190 “servitium
550 2135 581 2188 in
599 2135 700 2189 eodem
725 2137 854 2190 exercitu
872 2136 1039 2191 faciendum
1062 2135 1184 2190 minime
1209 2141 1375 2208 wneantur,

330 2222 349 2245 ‘⁴
368 2237 422 2273 neo
440 2220 590 2274 occasione
608 2221 722 2274 servitii
740 2219 820 2275 illius
847 2222 1040 2276 molestentur
1057 2221 1089 2274 in
1110 2221 1218 2291 aliquo,
1238 2221 1288 2276 vel
1308 2238 1375 2292 gro·

330 2307 348 2329 ‘⁶
367 2311 493 2368 ventur;
524 2303 576 2357 sed
594 2303 660 2357 inde
678 2304 794 2373 penitus
813 2305 872 2360 sint
890 2306 992 2374 quieti,
1014 2305 1103 2360 salvis
1122 2312 1220 2359 tamen
1243 2305 1328 2360 nobis
1347 2311 1378 2360 et

330 2390 348 2412 “
368 2386 533 2441 haeredibus
544 2388 654 2442 nostris
668 2388 796 2442 servitiis
809 2389 961 2443 feodorum
973 2389 1102 2443 militum
1115 2406 1181 2458 quae
1190 2394 1329 2445 tenentur
1340 2389 1377 2444 de

329 2473 348 2497 “
366 2470 515 2526 Abbethia
531 2471 681 2542 predicta,
695 2473 875 2543 temporibus
889 2474 1021 2544 ejusdem
1034 2473 1071 2528 ad
1085 2491 1137 2528 nos
1150 2473 1375 2543 pertinentibus,

329 2557 347 2581 ‘⁶
367 2555 478 2609 rationo
497 2557 642 2610 exercitus
665 2556 836 2627 supradicti.
883 2558 920 2611 In
938 2559 1023 2628 cujus
1041 2558 1085 2612 rei
1097 2558 1309 2624 testimonium,
1323 2559 1376 2614 has

329 2642 347 2664 “
367 2639 481 2694 litteras
494 2639 558 2693 fieri
576 2641 698 2695 lecimus
710 2647 852 2710 patentes,
867 2647 942 2697 teste
954 2643 1076 2713 meipso,
1091 2642 1169 2713 apud
1179 2641 1373 2706 Oaldestrem,

329 2724 348 2749 “
367 2722 507 2777 vicesimo
525 2722 573 2776 die
591 2723 675 2787 Julii,
694 2741 768 2778 enno
786 2726 872 2795 regni
889 2727 982 2780 nostri
1000 2726 1140 2781 vicesimo
1157 2725 1260 2780 nono.”

328 2914 474 2983 ¹Oburto
489 2916 591 3004 Rapis
612 2938 714 3004 super
732 2917 978 3003 perdonatione
1001 2919 1161 2985 omniunt
1186 2918 1375 2985 debitorum

415 3018 563 3107 ejusdcm
590 3041 654 3106 por
676 3017 837 3085 Abbctem
867 3027 897 3086 et
927 3021 1138 3088 Oorsvcntunt
1167 3021 1288 3089 Stricti
1310 3021 1374 3087 Al-

417 3123 509 3201 bani,
525 3145 563 3190 eo
585 3144 787 3210 quercusque
802 3145 913 3202 mewa,
929 3123 1101 3210 premitus
1116 3129 1373 3189 contendentem.

157 3286 264 3348 Aequit-
364 3265 564 3329 “Edwardus
584 3263 641 3319 Dei
659 3265 764 3336 gratia,
784 3264 846 3318 Rex
859 3265 985 3335 Angliae,
1007 3268 1032 3320 ct
1050 3269 1157 3329 coetera,
1183 3264 1318 3321 omnibus
1337 3264 1375 3320 ad

157 3352 275 3428 sunosio
329 3352 347 3375 ‘⁴
368 3367 441 3419 quos
459 3354 618 3420 praesentes
636 3349 743 3402 litterae
763 3349 957 3417 pervenerint,
979 3348 1113 3404 salutem.
1162 3348 1270 3404 Sciatis
1295 3348 1373 3421 quod

158 3419 297 3495 ΨΜ·
327 3434 345 3459 “
364 3448 417 3501 pro
429 3433 600 3487 remissione
620 3448 708 3501 quam
727 3431 827 3485 dilecti
839 3432 923 3486 nobis
942 3434 972 3486 in
992 3434 1111 3488 Christo
1129 3432 1228 3488 Abbas
1248 3438 1279 3489 et
1298 3433 1372 3488 Ocn-

155 3490 212 3599 ffl
224 3484 314 3599 ⁰55⁹*
328 3517 347 3541 “
365 3521 469 3568 ventus
487 3513 524 3568 de
544 3513 649 3568 Sancto
667 3512 781 3567 Albano
798 3512 880 3568 nobis
900 3516 1039 3581 fecerunt,
1060 3524 1121 3572 tem
1146 3516 1182 3570 de
1206 3516 1267 3571 illis
1286 3517 1369 3570 mille

156 3565 289 3676 mend}
328 3601 347 3626 “
365 3599 472 3652 marcis
485 3616 555 3669 quas
568 3597 605 3651 ab
617 3597 660 3651 eis
672 3615 725 3668 pro
739 3596 912 3667 quibusdam
926 3600 1025 3655 arduis
1038 3601 1165 3672 negotiis
1184 3599 1372 3671 expediendis

157 3683 274 3733 slldebts
327 3685 346 3710 “
365 3688 467 3736 mutuo
484 3681 651 3752 recepimus
669 3680 705 3735 de
746 3682 872 3753 pecunia
891 3683 1021 3747 decimae,
1042 3686 1073 3738 in
1093 3685 1257 3740 subsidium
1274 3684 1373 3739 'l'errae

154 3750 282 3867 &epm
327 3769 345 3794 “
366 3765 479 3822 Sanctae
492 3784 510 3820 a
521 3765 600 3820 clero
617 3766 704 3835 regni
722 3765 815 3820 nostri
836 3785 929 3839 nuper
948 3786 1103 3833 concessos,
1118 3768 1229 3823 eisdem
1246 3775 1276 3824 et
1297 3768 1371 3824 Gon·

154 3833 234 3933 meme
281 3833 299 3883 5
325 3849 464 3906 “ventui
481 3849 598 3903 nomine
619 3848 732 3903 Summi
751 3849 901 3906 Pontificis
922 3851 1056 3916 liberata,
1070 3853 1102 3907 in
1121 3853 1254 3923 deposito
1274 3858 1370 3908 custo·

154 3947 229 4013 king,
325 3938 343 3961 “
363 3932 476 3997 diendo,
497 3937 526 3988 et
551 3950 623 4003 quas
640 3932 719 3986 idem
737 3933 836 3989 Abbes
862 3941 891 3989 et
916 3935 1081 3991 Conventus
1109 3934 1295 4007 postmodum
1319 3954 1372 4007 pro

324 4023 342 4047 ‘¹
361 4018 445 4074 nobis
458 4016 536 4072 dicto
551 4016 671 4071 Summo
684 4017 819 4073 Pontifici
834 4019 1002 4083 solverunt3
1023 4039 1110 4091 quam
1126 4021 1162 4075 do
1182 4021 1248 4076 aliis
1262 4019 1370 4076 debitis

322 4107 340 4131 ‘⁶
361 4103 592 4176 quibuscunque,
618 4099 774 4171 inquibus
800 4102 842 4157 cis
861 4121 896 4156 ex
916 4121 1088 4175 quacunque
1109 4123 1198 4159 causa
1215 4121 1309 4176 usqne
1334 4104 1372 4160 sd

320 4189 438 4243 “diem
460 4184 647 4242 consectionis
666 4186 853 4253 tenebamnr;
880 4205 992 4241 necnon
1019 4205 1072 4259 pro
1100 4189 1238 4243 trecentis
1263 4189 1370 4244 mercis

321 4276 339 4299 ‘⁴
359 4289 431 4344 quas
454 4271 534 4326 idem
553 4269 651 4323 Abbes
671 4275 700 4323 et
723 4269 889 4325 Conventus
907 4271 991 4326 nobis
1013 4271 1044 4325 in
1064 4273 1227 4328 subsidium
1251 4273 1369 4345 expedi·

320 4359 338 4382 “
357 4357 446 4413 tionis
462 4360 569 4410 nostroe
583 4352 689 4409 Scotiae
704 4352 767 4425 jam
784 4355 942 4422 dederunt;
964 4356 1190 4427 perdonavimus
1210 4355 1253 4411 eis
1267 4358 1366 4412 omnia

350 4519 358 4552 ¹
370 4519 433 4571 This
451 4521 544 4581 rubric,
554 4521 580 4570 in
591 4521 633 4571 the
653 4519 717 4582 MS,
734 4520 757 4570 is
776 4537 814 4571 er·
854 4526 869 4550 “
878 4520 958 4584 Rer,''
968 4523 1022 4573 that
1030 4522 1112 4574 rubrio
1119 4523 1194 4589 being
1200 4523 1288 4588 placed
1302 4523 1369 4576 here

316 4601 448 4665 roucously
464 4601 552 4665 placed
567 4598 652 4650 before
671 4602 688 4627 “
697 4599 815 4650 Dominus
886 4603 1025 4667 ‘peccunia
1036 4602 1065 4652 iu
1077 4601 1132 4654 MS.
