3038 5452
433 744 643 796 naumann
668 743 792 795 sanem
814 743 929 793 ALBAN
932 744 953 792 1.
1180 731 1220 790 19

168 931 337 1015 prasente
365 927 509 993 Domino
542 928 674 993 Abbate
705 926 745 991 de
769 925 945 1002 waltham,
977 943 1051 988 cum
1083 921 1221 987 solemni
1242 946 1312 997 John
1322 946 1372 1007 111,

160 1031 369 1115 processione
392 1051 431 1095 ac
453 1027 599 1094 maxima
634 1028 855 1107 veneratione,
888 1025 1040 1091 hilariter
1070 1025 1221 1111 suscepit,
1266 1013 1353 1131 ffit

1355 1119 1362 1142 ‚

159 1154 321 1219 magnam
355 1131 490 1197 Missam
522 1131 711 1197 celebravit.
756 1129 811 1195 Ad
841 1127 933 1214 cujus
964 1129 1148 1215 ingressum
1171 1133 1219 1193 te·
1276 1146 1344 1199 al).

156 1235 310 1300 nendum
366 1236 520 1301 convivio
557 1233 729 1321 splendido
773 1254 831 1319 per
877 1231 1023 1297 Priorem
1068 1234 1218 1296 nostrum
1234 1219 1387 1320 ¹²⁹ffi³⁰l

157 1340 360 1422 praeparato,
381 1335 564 1401 multitudo
586 1357 654 1400 non
676 1355 779 1422 parva
801 1332 993 1399 confluebat.
1232 1347 1389 1398 stultam

210 1435 280 1517 Qui
301 1459 377 1503 cum
411 1437 545 1503 domum
569 1459 663 1503 suam
695 1434 926 1501 miserabiliter
958 1435 1216 1522 depauperatam
1230 1416 1355 1546 ffwffi

158 1541 356 1622 invenisset,
373 1541 499 1606 dictum
516 1546 669 1606 mutuum
684 1536 774 1603 mille
789 1541 1010 1603 trecentarum
1034 1559 1215 1603 marcarum
1229 1511 1388 1627 therssouffmy

158 1642 317 1712 terminis
340 1648 409 1713 suis
432 1645 671 1712 mercatoribus
695 1645 788 1711 nullo
811 1644 909 1710 modo
933 1644 1063 1710 solvere
1087 1629 1372 1761 P⁰l¹¹it³iiiiya

159 1746 256 1814 unde
277 1749 367 1814 ultra
388 1755 510 1816 sortem
533 1748 671 1814 multam
694 1745 887 1834 ¹pecuniam
902 1746 1033 1813 refudit.
1071 1745 1216 1812 Afflictio
1230 1764 1252 1812 is
1260 1762 1350 1813 unable
1360 1769 1388 1811 to

160 1853 299 1941 insuper
320 1851 488 1942 affligebat
522 1854 678 1921 afflictum
685 1879 693 1936 ;
726 1877 800 1920 cum
834 1854 996 1918 Dominus
1018 1853 1131 1919 Abbas
1154 1853 1217 1916 sal-
1230 1830 1365 1946 Effar-

160 1961 236 2022 tem
267 1956 403 2022 bladum
425 1959 625 2024 seminatum
648 1958 683 2022 in
707 1961 804 2036 terra
826 1957 962 2021 vivente
984 1955 1217 2043 praedecessore
1231 1963 1322 2012 roret

160 2081 233 2138 suo,
256 2059 378 2126 habere
412 2083 480 2126 non
514 2067 564 2127 est
597 2060 791 2148 permissus:
831 2058 888 2124 sed
911 2059 1053 2124 contulit
1075 2059 1218 2126 Domino
1231 2029 1370 2159 {ligato

163 2160 259 2250 Regi,
293 2163 337 2228 ad
378 2171 542 2242 octavum,
587 2160 792 2250 ²n0ngenas
824 2184 1015 2240 marcarum,
1046 2163 1218 2228 tresdecim
1231 2161 1373 2226 11111111

163 2285 299 2344 mneos,
332 2266 444 2332 decem
478 2265 606 2348 solidos,
636 2287 740 2331 unum
763 2265 944 2342 denarium,
976 2287 1035 2352 pro
1067 2265 1164 2331 blado
1186 2227 1383 2345 etiiffilfiss„

162 2368 317 2434 instauro
347 2367 478 2435 residuo
508 2367 612 2435 cidem
646 2367 792 2434 venditis
824 2391 881 2455 per
912 2367 1120 2433 Escaetorcm
1154 2391 1221 2434 me·
1234 2377 1297 2413 “²¹¹
1307 2359 1377 2439 3¹³⁵ss

1235 2443 1304 2478 sewu
1315 2442 1341 2476 m
1348 2427 1391 2477 the

161 2476 339 2537 moratum.
1234 2493 1381 2545 timeofhis

1223 2563 1397 2626 predecessor,

391 2693 608 2761 Irrtroductio
627 2693 753 2779 placiti
770 2694 1006 2781 salbosqueutis.

213 2832 297 2901 tum
337 2834 409 2901 Rex
440 2834 572 2922 Angliae
598 2835 745 2912 illustris,
781 2837 973 2917 Edwardus,
1009 2837 1072 2903 Dei
1102 2838 1218 2924 gratia,
1232 2844 1387 2923 Demmaon

168 2937 255 3003 filius
278 2938 416 3003 Henrici
447 2938 554 3023 Regis,
588 2935 700 3017 Tertii,
733 2959 821 3003 anno
853 2941 948 3024 regui
981 2941 1032 3003 sui
1064 2940 1218 3004 vicesimo
1231 2913 1371 3041 {ffiffis

168 3041 281 3126 primo,
305 3040 480 3127 petivisset
495 3061 608 3105 versus
631 3039 812 3104 Dominum
827 3039 852 3106 J
855 3041 1026 3119 ohannem,
1051 3041 1217 3106 Abbatem
1231 3046 1377 3095 11111101(-

169 3143 209 3207 de
231 3143 355 3208 Sancto
387 3143 527 3220 Albano,
558 3143 806 3207 advocationem
841 3143 1012 3207 Prioratus
1042 3144 1083 3208 de
1111 3143 1218 3229 Tyne·
1230 3114 1365 3243 {3202aess

170 3246 284 3311 mutha
306 3245 371 3310 sibi
393 3245 496 3324 reddi,
512 3249 552 3309 ut
568 3244 625 3330 jus
647 3265 751 3323 suum,
770 3245 809 3309 de
832 3268 899 3330 qua
921 3246 951 3309 ei
966 3246 1089 3330 injuste
1112 3246 1217 3312 defcr-
1231 3245 1314 3311 Τ111

169 3348 276 3426 cievit,
300 3354 340 3413 ut
364 3347 460 3424 dixit,
482 3347 650 3412 emanavit
683 3348 724 3413 ds
760 3347 963 3413 Cancellaria
995 3348 1095 3436 Regis
1117 3350 1218 3416 breve
1230 3314 1325 3366 ΝΜ

172 3451 329 3516 directum
365 3451 559 3517 Vicecomiti
594 3449 850 3528 Nerthumbriae,
885 3451 1046 3517 directum
1075 3453 1110 3517 in
1147 3454 1218 3520 haec

171 3553 337 3619 verba:-

177 3832 221 3903 De
246 3834 376 3926 placita
408 3836 641 3906 advocationis
674 3835 770 3905 Uelia
812 3840 852 3905 cla
876 3838 1094 3926 Tpacmatba,
1125 3840 1218 3908 inter

256 3941 450 4009 Dominum
480 3941 603 4028 Rapum
632 3949 662 4007 et
684 3942 925 4028 proesccr'mtam
949 3943 1111 4012 Abbatcm
1136 3945 1218 4010 diu·

259 4045 331 4111 tiue
348 4045 484 4130 cipitata,
506 4045 615 4111 eidam
637 4045 763 4112 Abbati
785 4046 929 4130 praticae
952 4048 1087 4114 collata.

209 4201 228 4225 ‘¹
245 4199 417 4265 nemus,
438 4200 493 4255 Dci
519 4200 625 4272 gratia,
652 4206 677 4257 ct
695 4205 801 4266 catera,
839 4201 1013 4259 Vicecomiti
1040 4201 1218 4258 ³Nortbum·
1230 4215 1308 4277 aurit,
1317 4217 1378 4267 0211.

181 4281 196 4307 ‘¹
212 4282 281 4340 bria
321 4285 456 4340 salutem.
502 4283 635 4357 Principe
662 4285 770 4342 Abbati
800 4287 837 4342 de
866 4287 972 4343 Sancto
1001 4287 1114 4342 Albano
1140 4284 1370 4402 ᾳιιοᾶίὲξὲῗᾶῐ

205 4517 470 4582 'maninus
754 4516 1046 4571 ³NorttuntriinMS.
1133 4525 1137 4533 '

206 4613 521 4716 ’flammans

1021 4740 1087 4799 132
