3038 5452
237 707 302 771 508
629 719 811 772 nreuuaix
834 707 894 793 (c.)

237 909 256 934 ‘⁶
276 907 501 978 mitigationem.
540 908 587 962 Ita
611 912 710 961 tamen
736 907 824 977 quod,
844 906 916 978 ipsis
935 907 1145 964 decedentibus
1163 909 1212 964 vel
1231 909 1296 966 ‹lia-

236 993 255 1017 ‘⁶
275 991 456 1055 cedentibus,
476 1008 533 1045 non
551 990 716 1046 alienentur
740 991 816 1046 bona
839 1008 902 1056 sue,
923 991 986 1048 sive
1005 991 1065 1048 sint
1083 993 1161 1047 infra
1178 993 1295 1050 limites

237 1077 256 1101 ‘¹
275 1074 443 1146 hospitalis,
471 1076 534 1131 eive
560 1082 658 1140 extra;
686 1074 738 1130 sed
756 1075 788 1129 in
806 1093 878 1130 usus
903 1093 1073 1131 communes
1098 1076 1206 1133 domus
1224 1097 1297 1133 con·

235 1161 254 1185 ‘⁸
274 1162 435 1222 vertantur,
450 1164 480 1214 et
497 1158 533 1213 de
553 1158 675 1215 consilio
693 1163 723 1214 et
740 1158 892 1215 voluntate
910 1158 1052 1232 Magistri
1069 1159 1245 1217 ordinentur
1264 1170 1297 1219 et

235 1245 255 1270 “
275 1241 475 1313 disponantur.

605 1472 654 1538 De
678 1471 904 1539 statunculae.

271 1628 290 1651 ‘¹
300 1624 410 1680 Nullus
428 1624 520 1680 frater
532 1625 568 1679 de
581 1630 689 1680 caetero
707 1625 797 1680 saciat
814 1628 1034 1689 testamentum,
1047 1623 1107 1679 nisi
1120 1623 1158 1678 de
1172 1623 1298 1680 licentia

235 1709 255 1735 “
276 1707 431 1779 Magistri;
451 1707 573 1780 quodsi
592 1708 678 1765 aliter
698 1708 811 1774 lecerit,
830 1725 885 1779 pro
902 1707 985 1764 nullo
1002 1708 1156 1764 habeatur.

563 1938 613 2007 De.
635 1935 828 2002 Patalii-one
850 1937 967 2024 σαίρω,

271 2091 291 2115 “
305 2089 382 2144 Istos
401 2089 542 2145 articulos
567 2089 781 2161 suprascriptos
803 2087 992 2160 praecipimus
1011 2089 1223 2146 inviolabiliter
1242 2091 1297 2145 ob·

236 2174 256 2199 “
276 2172 405 2239 servari3
433 2178 463 2228 et
490 2174 516 2227 si
542 2173 609 2244 quis
635 2174 666 2227 in
694 2173 793 2244 aliquo
821 2172 1045 2237 contravenerit,
1075 2179 1106 2229 et
1131 2174 1294 2230 observare

236 2258 255 2281 “
275 2256 493 2326 contempserit,
513 2273 566 2327 per
585 2256 814 2311 subtractionem
833 2255 1014 2311 liberationis
1034 2274 1095 2311 suae
1108 2258 1292 2329 castigetur;

235 2341 255 2365 “
274 2338 322 2393 vel
340 2338 399 2394 alia
411 2356 504 2410 poena,
520 2357 585 2410 quae
603 2340 699 2410 magis
717 2340 848 2403 timetur,
863 2340 891 2394 ei
904 2340 1073 2410 infligatnr3
1094 2346 1128 2396 ut
1145 2359 1200 2411 pro
1219 2359 1291 2412 qua·

235 2425 255 2449 ‘¹
274 2421 358 2478 litate
376 2428 407 2478 et
424 2422 585 2494 quantitate
604 2422 698 2494 culpa
716 2423 942 2494 correspondeat
959 2423 1104 2479 acerbitas
1121 2441 1226 2495 poenae.

531 2653 581 2718 De
607 2652 778 2739 Capitalia
793 2651 978 2737 jaciendis.

272 2806 290 2829 “
303 2801 335 2857 Si
348 2802 454 2857 fratres
465 2803 632 2874 aliquando,
648 2808 767 2875 proptor
779 2820 963 2858 communem
975 2800 1144 2866 utilitatem,
1160 2801 1197 2857 de
1209 2807 1288 2858 stetu

235 2889 254 2914 “
275 2887 378 2941 domus
403 2887 497 2942 velint
522 2894 657 2952 tractare,
678 2886 882 2958 ingrediantur
909 2886 1072 2950 ecelesiam,
1100 2891 1139 2951 et,
1160 2886 1288 2942 exclusis

235 2977 253 3000 “
274 2972 464 3027 eaecularibus
483 2978 513 3028 et
531 2973 671 3029 iratribus
699 2990 756 3027 non
783 2973 934 3044 professis,
960 2991 1028 3027 eum
1055 2971 1113 3042 ipsi
1139 2972 1287 3026 communi

235 3061 254 3083 “
274 3057 397 3112 consilio
425 3056 568 3112 interesse
595 3074 653 3110 non
679 3056 811 3122 debeant,
844 3056 1017 3128 provideant
1041 3055 1118 3110 inter
1146 3073 1178 3110 so
1209 3055 1287 3126 quod

235 3143 253 3167 “
274 3140 382 3194 bonum
401 3146 463 3206 est;
489 3140 531 3194 ita
550 3139 628 3211 quod
646 3140 720 3194 nihil
739 3140 789 3194 fiat
809 3140 872 3194 sinc
890 3139 1028 3211 Magistri
1048 3139 1171 3194 consilio
1190 3144 1221 3193 et
1238 3157 1287 3194 vo-

235 3226 253 3250 “
273 3223 394 3278 luntate.
431 3223 554 3278 Privata
580 3241 649 3278 vero
670 3223 816 3294 Capitulu,
845 3229 876 3278 et
901 3222 1076 3287 adulterina,
1096 3240 1162 3292 quaa
1190 3223 1287 3292 magis

235 3311 253 3334 “
273 3307 332 3361 ‹lici
352 3311 474 3378 possunt
499 3305 740 3378 conspirationes,
763 3325 815 3362 seu
834 3305 1073 3370 machinationes,
1093 3305 1224 3361 totaliter
1244 3306 1287 3360 in-

233 3394 253 3419 “
273 3390 444 3447 terdioimus
464 3397 494 3446 et
511 3390 704 3447 annullamus.

513 3630 561 3695 De
584 3628 796 3715 Profeaeione
819 3628 994 3696 Fratrum.

268 3781 370 3852 “Ego,
397 3779 501 3835 Frater
519 3781 569 3844 N.,
589 3780 729 3851 promitto
755 3787 784 3835 et
810 3788 992 3838 sacramento
1017 3783 1172 3855 corporali,
1199 3786 1286 3842 netis

232 3867 251 3892 ‘⁴
273 3863 472 3920 Sucrosanctis
490 3862 672 3933 Evangeliis,
693 3865 835 3934 praestito,
857 3867 967 3921 affirmo
977 3885 1076 3922 coram
1095 3867 1158 3923 Deo
1177 3874 1208 3924 et
1226 3887 1286 3923 om-

232 3952 251 3976 “
270 3950 356 4004 nibus
371 3947 485 4003 Sanctis
504 3947 535 4001 in
553 3948 608 4002 hac
626 3947 759 4011 ecclesia,
774 3966 839 4019 qum
859 3956 1026 4005 constructa
1044 3951 1132 4005 estin
1144 3951 1286 4007 honorem

232 4035 251 4060 “
272 4033 371 4088 Sancti
392 4032 514 4096 Juliani,
535 4032 728 4095 confessoris,
750 4033 780 4085 in
797 4034 954 4103 praesentia
972 4034 1090 4088 Domini
1109 4035 1157 4098 N.,
1178 4035 1286 4090 Archi·

232 4118 251 4143 ‘¹
271 4116 394 4180 diaconi,
415 4115 645 4187 quodomnibus
665 4114 855 4170 diebusvitae
882 4133 955 4170 mem
983 4118 1139 4188 praeceptis
1164 4117 1286 4173 Domini

232 4201 251 4226 “
271 4200 395 4255 Abbatis
414 4200 450 4253 de
471 4199 577 4254 Sancto
595 4199 720 4262 Albano,
742 4199 793 4269 qui
819 4217 872 4270 pro
891 4207 1023 4271 tempore
1049 4201 1148 4266 suerit,
1170 4207 1201 4257 et
1219 4203 1286 4273 ejus

232 4285 252 4309 “
271 4283 495 4348 Archidiacono,
516 4283 638 4337 obnixus
658 4299 717 4346 ero,
733 4288 762 4337 ct
781 4283 928 4347 obediens,
949 4285 1027 4338 etin
1046 4284 1128 4338 nullo
1146 4290 1286 4355 proterve

232 4367 251 4392 “
272 4366 491 4432 contradicens;
527 4366 585 4420 nisi
614 4368 690 4421 lorte
716 4367 815 4436 aliqua
839 4367 1048 4438 precipiantur
1078 4386 1144 4439 quta
1175 4369 1286 4425 divinae

232 4452 250 4475 ‘⁴
271 4449 445 4520 displiceant
463 4450 617 4504 voluntati.
655 4450 813 4520 Nunquam
843 4452 953 4505 lurtum
982 4451 1095 4515 faciam,
1116 4470 1169 4506 nee
1194 4453 1287 4509 alicui

233 4534 396 4587 “fratrum
425 4534 530 4587 salernu
557 4534 667 4587 crimen
696 4534 851 4605 imponam,
878 4553 931 4588 nec
958 4553 1061 4588 manus
1089 4534 1236 4591 violentas
1257 4540 1288 4592 in

232 4620 250 4642 ‘⁴
271 4617 399 4687 aliquem
427 4620 550 4672 irati-nni
578 4618 711 4682 mittam
741 4636 793 4671 nee
819 4624 918 4673 volum
944 4618 1088 4675 eastitatis
1114 4619 1288 4691 infringam.
