3038 5452
420 687 631 740 nouasusnn
654 689 775 740 ssucrr
799 689 939 741 ausum.
1134 677 1193 740 43]

154 874 173 899 “
193 889 264 929 vero
282 873 454 930 Monasterii
471 876 574 939 nostri,
588 876 640 946 qui
657 893 734 930 nuno
753 882 808 940 est,
828 877 879 946 qui
899 880 958 930 tem
977 878 1096 947 propter
1117 872 1204 928 officii
1234 870 1352 931 Thomu,

154 958 174 983 “
195 958 241 1013 sui
259 958 443 1030 dignitatem,
458 977 546 1031 quam
562 961 651 1015 etiam
663 966 782 1030 propter
794 960 970 1015 Doctoratus
984 964 1101 1021 statum,
1118 975 1204 1028 quem
1264 937 1324 988 ³⁰⁰¹

155 1041 318 1096 “induro
346 1042 491 1099 Canonico
516 1043 639 1114 adeptus
662 1053 716 1108 est,
737 1043 932 1114 praerogativa
956 1043 1078 1114 aliquali
1102 1040 1207 1096 debeat
1246 1005 1341 1121 Assbsst'

155 1126 175 1151 ‘⁶
195 1126 301 1181 merito
318 1127 646 1198 gauderez—volumus,
675 1145 742 1182 cnm
768 1127 805 1183 ad
830 1127 941 1182 dictum
968 1144 1087 1181 cursum
1105 1125 1206 1180 Missas
1238 1141 1360 1188 lale-96.

156 1211 176 1236 “
195 1209 318 1281 Majoris
330 1212 430 1277 fuerit,
445 1211 482 1266 od
500 1211 629 1266 studium
649 1230 745 1276 suum,
766 1229 819 1267 seu
840 1211 877 1265 ad
895 1228 1041 1266 cameram
1060 1228 1152 1274 suam,
1172 1226 1206 1264 ao
1264 1232 1329 1242 -

155 1295 176 1320 “
196 1295 285 1348 etiam
303 1293 341 1350 ad
359 1295 572 1351 consistorium
592 1295 782 1367 prejudiciis
804 1294 970 1360 reddendis,
989 1295 1123 1367 quotiens
1148 1293 1205 1348 sibi
1219 1279 1319 1387 ΡΑΓἭ
1341 1363 1352 1376 .

156 1379 176 1404 “
195 1378 348 1448 placuerit,
380 1380 530 1451 praedictis
561 1398 617 1434 non
647 1379 840 1444 obstantibus,
872 1378 966 1435 libere
994 1379 1092 1434 valeat
1118 1379 1207 1434 exire.
1220 1352 1355 1456 wffofegg

157 1463 178 1488 “
198 1461 342 1534 Supprior
372 1465 470 1529 etiam,
495 1482 553 1519 non
577 1464 710 1519 obstante
741 1463 819 1536 quod
848 1464 939 1519 fuerit
968 1464 999 1518 in
1029 1462 1131 1518 tabula
1170 1463 1208 1517 ad
1222 1471 1337 1531 Albau’s,

156 1548 177 1573 “
195 1545 336 1618 Magnam
352 1547 486 1612 Missam,
498 1549 592 1604 libere
611 1554 694 1604 exeat
706 1549 736 1603 in
747 1549 955 1611 infirmariam,
970 1548 1006 1602 ad
1027 1546 1206 1604 visitandum
1222 1539 1271 1588 Μ
1283 1537 1366 1616 ⁰f3h0

158 1631 178 1656 u
197 1630 337 1686 infirmos·
1222 1605 1364 1668 Sub-prior.

194 1713 377 1770 “Volumus
402 1715 501 1780 etiam,
521 1721 551 1769 et
573 1716 768 1780 concedimus,
794 1721 827 1770 ut
852 1717 878 1770 si
902 1716 1055 1786 contingat
1080 1714 1208 1786 aliquem

158 1800 178 1825 “
197 1795 316 1853 Ordinis
335 1798 495 1862 custodem,
513 1803 643 1871 tempore
662 1818 730 1870 quo¹
743 1800 834 1853 fuerit
851 1799 888 1854 ad
906 1798 1046 1871 Magnam
1072 1799 1206 1861 Missam,

156 1882 375 1953 “superiorem
401 1884 433 1937 in
456 1882 644 1948 Monasterio,
665 1884 713 1939 vel
731 1883 876 1947 Priorem,
903 1901 960 1937 non
984 1883 1102 1946 habere,
1132 1882 1210 1952 quod

159 1969 178 1993 ‘⁴
196 1967 399 2037 possit'libere
418 1968 497 2023 exire
516 1967 553 2023 ad
577 1968 825 2041 supervidendum
844 1984 879 2022 ea
904 1985 969 2037 quse
987 1966 1066 2021 infra
1090 1965 1207 2021 Monss·

159 2053 178 2077 “
197 2051 314 2117 terium,
342 2052 390 2107 vel
415 2051 591 2117 Prioratum,
612 2052 756 2116 existunt3
781 2069 818 2106 ne
836 2069 889 2123 per
914 2051 1039 2105 aliorum
1063 2050 1207 2105 incuriam

159 2137 179 2164 “
199 2135 298 2206 aliqua
315 2133 534 2207 ¹negligantur.

335 2353 386 2418 De
402 2351 441 2418 N
440 2350 815 2438 cottia-Cupitum
836 2349 1025 2418 Decianus.

194 2536 213 2562 “
232 2533 307 2589 Cum
319 2534 352 2589 in
363 2534 497 2589 humanae
515 2534 687 2606 fragilitatis
707 2534 872 2589 subsidium
884 2533 1120 2604 ingredientibus
1138 2532 1266 2596 reli-011
1276 2545 1380 2596 thedis.

160 2621 180 2645 ‘⁸
200 2619 317 2690 gionem
334 2624 450 2689 tompus
475 2619 655 2689 probationis
674 2637 692 2674 a
706 2619 774 2690 jure
796 2620 836 2674 sit
853 2619 1010 2683 indultum,
1030 2624 1064 2673 ut
1089 2619 1121 2673 in
1141 2619 1207 2691 ipso
1225 2612 1320 2675 clpfine

160 2704 179 2729 “
198 2708 329 2774 tempore
354 2721 470 2758 omnem
494 2703 646 2774 religionis
673 2704 860 2774 experiantur
887 2702 1037 2767 duritiam,
1063 2709 1094 2758 et
1120 2703 1207 2774 plane
1222 2679 1302 2795 ‘fimi‘
1384 2717 1387 2721 ’

161 2786 362 2842 “deliberent
391 2806 428 2843 an
458 2787 540 2842 illam
563 2787 719 2851 voluerint,
745 2791 774 2841 et
798 2787 953 2851 valuerint,
975 2787 1120 2842 sustinere
1128 2791 1210 2853 ;-ut
1247 2761 1338 2798 ‘mm'

162 2871 293 2942 “igitur
323 2871 366 2926 eis
402 2871 485 2926 nulla
513 2871 666 2941 religionis
697 2870 807 2926 duritia
842 2871 948 2935 latitet,
979 2870 1146 2925 ordinamus
1177 2875 1211 2925 ut

163 2957 182 2982 “
201 2953 353 3010 Scrutatur
376 2955 558 3027 principalis,
585 2956 636 3025 qui
656 2956 798 3026 magister
821 2956 1000 3010 novitiorum
1024 2973 1088 3010 esse
1113 2955 1209 3019 debet,

162 3040 182 3066 “
202 3056 254 3094 seu
289 3039 340 3094 illo
376 3040 431 3094 snb
463 3039 548 3109 cujus
576 3039 743 3110 specialiter
767 3037 920 3094 ²oxistunt
941 3039 1081 3103 custodia,
1103 3039 1211 3093 sociato

163 3124 259 3178 “sibi
289 3141 346 3178 nno
373 3124 421 3179 vel
451 3124 564 3178 duobus
589 3123 730 3178 fratribus
754 3125 878 3179 maturis
905 3124 941 3178 de
968 3123 1106 3187 claustro,
1132 3123 1212 3193 ipsos

163 3209 182 3234 “
201 3207 327 3262 novitios
339 3206 439 3278 aliqua
449 3207 522 3261 hora
533 3206 709 3278 competenti
721 3211 787 3261 ante
806 3206 970 3277 prandium,
985 3206 1074 3261 semel
1086 3207 1117 3260 in
1130 3206 1213 3277 quin·

162 3294 181 3319 ‘⁴
200 3289 283 3356 dena,
303 3291 350 3345 vel
369 3291 504 3361 quotiens
517 3291 574 3347 sibi
591 3290 740 3345 videbitur
759 3290 906 3362 expedire,
921 3296 1064 3345 eteorum
1077 3307 1213 3346 exoessus

164 3377 183 3402 “
202 3376 364 3446 exegerint,
382 3374 419 3429 ad
441 3375 611 3446 Capitulum
630 3391 806 3440 convocare;
833 3391 941 3445 eosque
966 3374 1008 3428 ibi
1032 3392 1086 3444 pro
1112 3392 1213 3430 eorum

163 3456 369 3514 “excessibus
399 3458 569 3530 proclamet,
596 3477 638 3522 ac,
664 3476 745 3512 more
776 3459 915 3514 cotidiani
943 3457 1074 3530 Capituli
1103 3460 1214 3530 profes·

165 3546 184 3571 ‘¹
203 3560 311 3608 sorum,
337 3543 515 3614 regulariter
539 3560 589 3598 eos
615 3543 754 3612 corripiat
777 3548 808 3597 et
831 3543 966 3614 castiget.
1004 3543 1090 3598 Nulli
1114 3551 1214 3599 tamen

164 3627 317 3682 “licitum
336 3621 375 3682 sit
392 3644 442 3681 eos
462 3626 503 3681 sio
515 3643 619 3681 vocare
638 3626 675 3680 ad
693 3625 872 3696 Capitulum,
893 3628 952 3683 nisi
968 3627 1087 3694 Abbati,
1107 3628 1213 3693 Priori,

165 3712 185 3738 ‘¹
204 3716 234 3767 et
251 3711 382 3783 ipsorum
400 3709 522 3781 speciali
540 3711 692 3782 magistro.

200 3797 220 3822 “
236 3795 276 3850 Et
293 3796 364 3866 quia
380 3795 412 3848 in
424 3793 540 3865 Regula
552 3811 688 3865 expresse
707 3801 835 3860 cavetur,
850 3796 928 3866 quod
946 3795 984 3851 ad
995 3797 1216 3851 conversionem

165 3879 185 3906 '‘
202 3877 317 3934 noviter
334 3877 518 3933 venientibus
536 3877 647 3949 pluries
665 3879 705 3934 sit
723 3879 840 3952 Regula
856 3880 1025 3952 relegenda,
1048 3881 1216 3935 ordinamus

164 3963 185 3990 “
202 3969 237 4018 ut
254 3962 376 4018 cuilibet
393 3963 470 4017 inter
487 3979 541 4017 nos
559 3963 734 4032 religionem
752 3963 941 4036 ingredienti,
960 3969 1117 4035 postquam
1135 3962 1217 4018 habi·

163 4049 182 4074 “
200 4052 265 4101 mm
288 4047 442 4118 receperit,
468 4051 536 4101 anto
556 4047 653 4100 omnia
670 4046 729 4101 alia
752 4047 869 4118 Regula
894 4048 993 4103 Sancti
1013 4046 1167 4101 Benedicti
1189 4046 1216 4100 ei

165 4132 184 4157 '⁸
204 4129 311 4202 saepius
342 4136 373 4186 et
402 4131 513 4201 pluries
548 4130 707 4202 relegatur.
756 4130 885 4186 Minores
915 4149 986 4186 vero
1015 4130 1216 4185 observantias

165 4217 185 4242 “
203 4214 327 4286 Regulae
352 4216 498 4286 magister
523 4231 624 4269 eorum
652 4215 721 4269 viva
748 4233 819 4271 voce
844 4216 916 4287 ipsis
946 4221 1084 4285 exponat;
1113 4221 1147 4269 ut
1174 4215 1216 4270 sie

166 4301 185 4326 “
203 4299 288 4370 plene
316 4300 410 4355 sciant
436 4299 473 4353 ad
499 4297 577 4371 quod
601 4304 752 4363 venerunt,
780 4304 810 4354 et
826 4300 857 4354 in
888 4302 1009 4370 praefato
1035 4299 1215 4369 probationis

165 4384 185 4410 ‘⁴
203 4387 334 4455 tempore
352 4384 469 4455 plenius
487 4384 605 4439 valeant
622 4382 794 4437 deliberare.

199 4626 490 4694 ¹mqli9amurinns.
686 4624 692 4691 Ι
738 4624 948 4677 ffeautitinMS.
