3038 5452
322 706 385 768 290
695 717 801 764 essm
823 715 986 763 asesrmi

153 1023 452 1154 Rifflllslllstm
474 1020 724 1107 applicatum
744 1020 894 1084 Domino
913 1020 1022 1104 Popoe
1040 1039 1105 1104 per
1118 1018 1238 1103 ipsam
1260 1014 1372 1079 Abbo-

185 1171 274 1287 *tt

176 1309 297 1355 tames.

154 1543 283 1595 mor

158 1599 347 1674 ‘belmunt‘

159 1678 347 1741 mmet

159 1750 257 1804 Q„
328 1768 348 1793 u

156 1809 289 1860 addend

158 1877 240 1927 sothe

158 1941 238 2008 repe,
245 1943 315 1994 ΔΙ).
328 1937 348 1961 “

161 2013 231 2060 tata

412 1132 485 1202 terri,
513 1129 544 1188 et
564 1143 667 1187 saum
693 1122 911 1199 conversum,
935 1120 1073 1197 directa,
1095 1125 1216 1185 contra
1241 1138 1372 1203 sappes

412 1225 539 1291 tiorwm
556 1223 788 1311 prodictam,-
811 1232 841 1290 ct
863 1224 904 1289 dc
928 1218 1373 1309 Goodjatorioueeiguuado

411 1326 538 1393 Abbati
558 1333 749 1393 numerato.

361 1517 381 1539 “
401 1511 590 1568 sanctissimo
610 1513 640 1565 in
668 1511 795 1575 Christo,
823 1511 899 1582 patri
930 1517 962 1565 et
989 1511 1106 1565 domino
1124 1508 1372 1572 reverentissimo,

365 1597 491 1652 Domino
514 1597 651 1659 Jobanni,
672 1596 772 1650 divina
789 1595 988 1659 Providentia,
1014 1595 1213 1649 Saurosanctae
1236 1593 1374 1648 Bommoe

367 1688 397 1736 et
413 1681 587 1735 universalis
606 1679 747 1734 Ecclesiae
769 1679 890 1733 Summo
909 1679 1053 1742 Pontifici,
1075 1697 1136 1733 sum
1154 1677 1307 1749 praecelsa
1327 1676 1374 1730 do·

366 1766 533 1820 minationis
554 1765 632 1819 servi
658 1772 688 1819 et
705 1763 769 1828 filii,
790 1764 937 1834 supplices
956 1776 987 1817 et
1007 1763 1114 1827 devoti,
1134 1762 1223 1815 Prior
1245 1769 1278 1816 et
1302 1761 1375 1816 Con·

329 1852 471 1904 “ventus
498 1848 671 1903 Monasterii
700 1848 746 1902 sui
776 1847 812 1902 de
842 1847 948 1901 Sancto
973 1847 1098 1911 Albano,
1127 1845 1247 1900 Ordinis
1274 1844 1373 1899 Sancti

367 1934 528 1998 Benedicti,
549 1933 760 1987 Lincolniensis
783 1932 936 1995 Dioecesis,
960 1949 1021 1985 suae
1041 1931 1210 1986 Sanctitatis
1232 1929 1304 1984 Sedi
1323 1930 1376 1983 im·

328 2021 348 2045 ‘⁶
366 2018 492 2072 mediate
504 2018 639 2087 subjecti,
659 2018 689 2070 iu
702 2016 817 2070 sincera
837 2016 1018 2086 subjectione
1030 2015 1136 2070 devota
1152 2014 1263 2086 pedum
1275 2013 1375 2068 oscula

328 2104 347 2127 “
365 2102 526 2156 beatorum.
564 2100 640 2156 Cum
660 2118 722 2164 vos,
736 2100 825 2153 Pater
845 2101 1039 2165 sanctissime,
1053 2108 1083 2155 et
1094 2098 1301 2171 acceptissime
1313 2097 1375 2151 Deo

327 2189 346 2212 ‘⁶
365 2185 509 2248 Pontifex,
523 2187 553 2238 in
566 2203 623 2255 quo
640 2184 704 2238 sons
721 2184 846 2253 justitiae
867 2185 1010 2248 consistit,
1033 2199 1063 2240 et
1082 2204 1134 2255 per
1156 2203 1245 2255 quem
1257 2183 1374 2253 injuriae

326 2272 346 2295 “
365 2269 561 2331 resolvuntur,
585 2285 637 2337 pro
667 2267 852 2321 subditorum
876 2271 975 2339 quiete
1000 2268 1146 2322 indefessa
1176 2267 1375 2322 sollicitudine

325 2356 345 2378 “
364 2351 479 2408 labores
501 2352 668 2407 sustineatis
687 2352 847 2415 continuos,
863 2359 892 2406 et
911 2354 1040 2407 omnium
1059 2354 1140 2423 juste
1161 2351 1375 2424 postulantium

325 2440 345 2462 ‘⁶
364 2454 465 2507 preces
487 2437 549 2492 sine
568 2436 733 2506 acceptione
753 2454 942 2506 personarum
965 2455 1081 2508 semper
1097 2437 1224 2509 benigne
1236 2435 1375 2490 exaudire

326 2523 345 2546 ‘⁶
366 2520 561 2591 ¹dignemini;
593 2537 645 2573 nos
665 2521 757 2573 vestri
773 2521 943 2585 humillimi,
957 2521 1044 2575 Prior
1063 2528 1093 2575 et
1111 2522 1281 2575 Conventus
1303 2537 1375 2591 prte-

326 2607 346 2629 “
364 2604 446 2667 dicti,
460 2623 513 2676 pro
524 2603 637 2657 damnis
650 2621 715 2674 quae
728 2605 849 2673 quidam
860 2605 1027 2659 ambitionis
1045 2605 1124 2658 filius
1144 2605 1227 2658 nobis
1247 2610 1279 2658 et
1300 2604 1376 2658 dicto

327 2690 346 2713 “
365 2695 464 2742 vestro
472 2687 650 2742 Monasterio
660 2687 769 2740 inferre
779 2688 906 2751 molitur,
917 2697 1022 2743 vestrm
1031 2688 1201 2743 Sanctitatis
1213 2687 1376 2742 remedium

327 2773 347 2798 “
366 2772 526 2835 ’sitientes
538 2772 709 2842 petitionem
719 2779 848 2826 nostram
867 2772 1064 2827 Beatitudinis
1077 2780 1184 2826 vestrae
1207 2771 1376 2826 celsitudini

328 2859 347 2883 “
366 2856 517 2921 audemus,
532 2857 659 2910 revelata
671 2856 754 2920 facie,
767 2857 912 2911 intimare.
941 2857 1130 2912 Sanctissime
1143 2857 1242 2920 Pater,
1257 2855 1296 2911 ad
1309 2855 1376 2911 sim·

328 2945 347 2968 “
366 2943 507 3013 plicitatia
527 2947 633 2995 nostrae
655 2941 834 2995 audientiam
858 2940 969 2995 dudum
996 2943 1138 3012 pervenit,
1160 2959 1215 3011 pro
1239 2958 1275 2994 eo
1300 2940 1376 3011 quod

328 3029 347 3051 “
369 3025 540 3081 Sanctitatia
559 3032 664 3079 vestrm
678 3025 747 3079 Sedi
770 3038 945 3097 suggestum
965 3028 1109 3087 extiterat,
1133 3026 1212 3096 quod
1233 3026 1376 3080 Dominus

329 3114 348 3136 “
367 3110 521 3176 Ricardus,
535 3110 635 3165 Abbas
654 3116 762 3173 noster,
775 3129 863 3181 quem
882 3111 965 3164 nobis
986 3111 1128 3164 dederunt
1147 3122 1254 3164 vestrae
1273 3128 1376 3164 manus

329 3197 349 3220 ‘⁸
369 3196 573 3250 sacratissime
585 3195 616 3247 in
628 3201 785 3265 pastorem,
800 3202 844 3248 est
856 3195 928 3248 adeo
941 3195 1039 3248 dirino
1048 3194 1162 3264 judicio
1174 3193 1277 3248 morbo
1288 3193 1377 3264 lepre

330 3281 348 3303 “
368 3296 529 3349 respersus,
543 3277 621 3348 quod
640 3279 743 3348 nequit
761 3278 837 3331 inter
858 3297 943 3332 sanos
964 3278 1025 3331 sine
1045 3277 1180 3332 scandalo
1193 3277 1376 3341 conversari3

330 3364 487 3432 “propter
508 3361 594 3432 quod,
614 3361 725 3416 dictum
745 3369 876 3415 vestrum
897 3361 1105 3415 Monasterium
1126 3361 1156 3413 in
1176 3361 1378 3430 spiritualibus

330 3446 350 3470 “
369 3451 400 3498 et
418 3445 628 3515 temporalibus
648 3445 732 3498 varia
752 3446 862 3515 patitur
882 3445 1072 3499 detrimenta:
1094 3444 1220 3498 Domino
1232 3444 1378 3515 Episcopo

331 3530 350 3551 ‘⁴
370 3526 567 3581 Lincolniensi
591 3528 628 3581 ad
651 3528 858 3599 inquirendum
882 3547 971 3599 super
995 3527 1162 3599 hujusmodi
1187 3529 1377 3598 suggestione

332 3612 350 3635 “
370 3610 426 3664 sub
447 3618 526 3664 certa
546 3612 640 3663 forma
660 3612 807 3666 commisit
827 3620 924 3666 vestra
946 3612 1090 3667 Sanctitas
1109 3619 1295 3683 potestatem.
1332 3612 1377 3667 Ne

331 3695 350 3719 ‘¹
370 3693 462 3764 igitur
483 3711 536 3763 per
556 3693 724 3762 hujusmodi
744 3697 958 3765 suggestiones,
973 3716 1038 3766 quae
1058 3717 1075 3751 a
1092 3698 1193 3751 fomite
1210 3697 1377 3752 ambitionis

332 3777 506 3847 “primitus
528 3786 740 3846 processerunt,
754 3788 853 3834 restra
870 3781 1009 3835 reddatur
1033 3783 1146 3851 puritas
1169 3782 1376 3844 circumventa,

332 3865 351 3887 “
370 3879 431 3925 nos,
455 3860 625 3930 hujusmodi
651 3862 694 3915 rei
718 3864 851 3917 notitiam
872 3865 1001 3934 plenarie
1022 3866 1195 3929 obtinentes
1221 3867 1377 3921 veritatem

332 3949 351 3971 “
369 3945 487 4017 plenam
514 3951 620 3999 vestre
652 3945 846 4001 Sanctitudini
874 3966 1048 4003 reseramus.
1098 3950 1230 4004 Devotus
1258 3950 1377 4021 quidem

332 4034 351 4056 ‘¹
370 4030 448 4084 filius
472 4039 579 4085 vestrm
608 4028 788 4096 sanctitatis,
814 4032 913 4087 Abbas
938 4043 1036 4088 noster
1060 4034 1229 4105 praedietus,
1255 4032 1377 4106 aliquali

332 4119 350 4141 “
369 4114 538 4169 infirmitate
550 4113 663 4168 laborat
668 4137 678 4179 ;
695 4115 773 4186 quod
785 4116 907 4172 moleste
920 4119 1060 4188 gerimus,
1074 4126 1109 4173 ut
1120 4118 1273 4174 debemus.
1312 4119 1378 4173 Non

331 4202 350 4224 “
370 4205 468 4253 tamen
480 4200 522 4253 sic
535 4215 590 4268 per
601 4215 667 4252 eam
678 4199 817 4264 inficitur,
831 4203 902 4271 quin
915 4210 1011 4272 potest
1022 4203 1098 4256 inter
1116 4220 1168 4256 nos
1182 4204 1246 4256 sine
1267 4219 1375 4273 magno

332 4285 351 4308 “
370 4282 505 4337 scandalo
531 4283 714 4346 conversari3
744 4292 774 4338 et
800 4285 906 4339 cotidie
936 4296 1134 4349 conversatur,
1172 4305 1206 4340 ec
1232 4287 1322 4342 etiam
1348 4286 1376 4340 in
