3038 5452
338 693 403 758 464
714 710 822 760 unsri
844 709 1006 762 snssruu

187 886 305 950 Thomu,
339 897 358 922 ‘⁴
378 912 477 950 curam
503 896 609 952 habeat
626 898 757 961 alterius,
783 915 836 954 seu
859 898 992 962 aliorum,
1027 899 1053 954 si
1079 897 1180 970 plures
1206 914 1302 968 quam
1330 896 1389 953 duo

192 958 280 1073 Am
339 983 357 1007 “
378 981 536 1045 extiterint,
555 988 584 1037 et
602 1000 673 1039 curu
694 1001 743 1038 eos
764 983 922 1054 diligenter
934 982 1073 1046 intendat,
1087 988 1121 1038 ut
1138 983 1170 1037 in
1188 982 1340 1053 religione
1353 999 1386 1038 uc

209 1061 289 1140 AD),
338 1067 356 1090 ‘⁶
377 1065 474 1120 studio
494 1085 525 1121 se
544 1075 649 1137 gerant
666 1085 698 1122 ae
717 1067 878 1138 proficiant,
899 1066 976 1121 sicut
994 1067 1088 1122 decet.

184 1160 303 1207 1³49-96.
373 1153 391 1176 “
404 1150 468 1204 Nec
487 1152 575 1207 alicui
594 1152 681 1207 liceat
693 1150 851 1205 eorundem
863 1150 952 1205 alicui
963 1150 1105 1206 monacho
1124 1151 1250 1206 alterins
1270 1150 1389 1206 Mones·

212 1248 276 1263 ····
337 1235 443 1289 “terii
471 1236 611 1298 confiteri,
640 1241 691 1290 cut
715 1235 750 1289 ab
775 1235 874 1304 aliquo
896 1234 950 1289 tali
966 1234 1161 1291 Eucharistiae
1179 1236 1317 1307 recipere
1337 1233 1389 1289 Sa·

163 1290 320 1407 ῗὲἓῗὲζῑζοω
336 1321 355 1344 “
375 1325 566 1380 crementum,
594 1320 652 1372 nisi
680 1321 710 1373 in
736 1337 806 1373 casu
834 1337 892 1389 quo
915 1319 1044 1375 noluerit
1066 1337 1102 1373 ex
1122 1337 1214 1375 causa
1232 1318 1387 1389 ¹lcgitima

162 1423 323 1474 nomonkof
335 1403 353 1427 “
373 1402 471 1456 Priori
490 1402 670 1457 studentium
688 1402 836 1468 confiteri;
856 1402 904 1457 vel
928 1403 965 1458 ab
990 1420 1024 1458 eo
1048 1409 1100 1458 aut
1122 1404 1182 1458 ulio
1205 1403 1385 1474 prediorum

162 1491 266 1540 another
335 1486 504 1556 “recipere
525 1485 754 1549 Sacramentum,
775 1486 806 1541 in
834 1503 904 1541 casu
930 1504 987 1557 quo
1011 1486 1111 1542 nullus
1134 1488 1181 1541 sni
1207 1486 1385 1542 Monasterii

162 1557 312 1622 Μθῦθθῑθῑῖ·
333 1574 352 1597 “
372 1570 529 1625 monachus
557 1570 683 1625 voluerit
710 1576 762 1625 aut
789 1570 918 1641 potuerit
943 1570 993 1625 illo
1021 1570 1068 1625 die
1094 1570 1138 1624 illi
1162 1570 1384 1626 Eucharistiam

334 1658 352 1682 “
372 1654 547 1710 ministrare.

161 1741 318 1793 llonkswho
369 1742 387 1766 “
402 1739 534 1810 Insuper,
553 1739 630 1794 viam
648 1738 750 1793 litibus
778 1738 927 1810 cupientes
954 1738 1144 1810 praeludere,
1172 1757 1206 1794 ae
1234 1740 1383 1796 scandalis

160 1815 265 1888 mm:
333 1827 351 1851 ‘⁶
371 1824 497 1886 obviare,
527 1823 664 1893 praesenti
696 1822 811 1877 Statuto
842 1822 1008 1893 specialiter
1038 1821 1239 1893 prohibemns,
1261 1842 1300 1878 nc
1323 1831 1383 1880 stn-

159 1876 284 1992 gffism
333 1911 351 1935 “
371 1908 473 1964 denms
491 1907 583 1962 nostri
610 1907 726 1961 Ordinis
757 1907 832 1961 inter
857 1924 888 1961 se
910 1924 945 1961 cx
970 1925 1142 1978 quacunque
1168 1925 1260 1962 causa
1280 1926 1381 1964 coram

159 2006 291 2073 paganos,
332 1995 351 2019 “
372 1991 561 2056 cancellarie,
582 1991 675 2046 aliove
690 1990 789 2060 judice
809 1991 952 2054 seculari,
968 1992 1176 2063 placitentsen
1194 1991 1379 2064 disceptent;

159 2077 318 2140 nottoplead
333 2079 351 2103 “
370 2095 423 2131 nec
450 2076 603 2148 quisquam
630 2092 729 2129 eorum
756 2075 846 2129 alium
877 2093 974 2130 coram
1000 2076 1042 2129 eis
1073 2076 1229 2131 conveniat
1259 2079 1381 2148 quovis·

159 2140 298 2259 {effide
332 2162 350 2186 “
370 2160 464 2214 modo.
504 2159 562 2215 Sed
581 2161 606 2215 si
626 2178 691 2230 qua,
713 2159 789 2230 quod
807 2160 893 2225 absit,
908 2160 984 2215 inter
1003 2161 1116 2231 aliquos
1135 2161 1301 2216 eorundem
1318 2163 1380 2218 litis

159 2289 188 2323 or
199 2223 317 2325 ὥστ’
331 2246 351 2271 “
370 2244 492 2299 materia
510 2245 618 2299 suturis
636 2243 816 2314 temporibus
836 2244 955 2305 oriatur,
975 2244 1047 2315 ipsa,
1067 2250 1211 2315 quatenus
1236 2247 1380 2315 possibile

159 2341 255 2391 mul„
331 2332 350 2355 “
369 2329 468 2393 suerit,
486 2346 539 2400 per
556 2328 689 2382 Priorem
714 2333 744 2382 et
768 2333 891 2397 quatuor
916 2328 962 2382 vel
988 2328 1117 2400 quinque
1142 2330 1276 2384 seniores
1302 2331 1380 2403 ipso·

155 2407 240 2472 iudeo
331 2416 349 2440 ‘¹
369 2431 435 2466 rum
463 2412 642 2468 studentium
667 2411 814 2482 sopiatur3
835 2417 864 2465 et
888 2411 914 2466 si
942 2429 995 2482 per
1021 2429 1070 2466 eos
1096 2412 1161 2466 tolli
1185 2431 1246 2468 non
1272 2416 1378 2485 possit,

331 2498 349 2523 “
369 2496 433 2567 ipsa
458 2495 582 2552 materia
606 2495 836 2550 Praesidentibus
860 2496 1030 2560 intimetur,
1063 2497 1123 2568 qui,
1150 2497 1176 2551 si
1202 2498 1277 2569 quid
1301 2500 1381 2556 inter
1422 2528 1430 2545 ·

328 2583 347 2606 “
367 2598 416 2635 eos
442 2580 517 2635 male
543 2579 633 2634 suerit
660 2584 843 2643 attentatum,
871 2580 902 2634 id
929 2579 1028 2634 debito
1053 2580 1139 2635 modo
1166 2582 1324 2652 corrigant
1351 2590 1381 2638 et

327 2663 534 2718 “reforment

156 2759 300 2810 Monkgare
361 2746 472 2801 “Cum
490 2749 648 2802 monachus
668 2765 702 2802 ex
729 2747 909 2818 professione
935 2747 1040 2802 debeat
1068 2748 1132 2818 ejus
1160 2750 1312 2821 vestigiis
1331 2751 1382 2806 ad·

156 2834 201 2903 nqt
211 2834 238 2876 to
249 2828 294 2877 ob·
326 2832 344 2858 “
361 2832 519 2894 haerere—
532 2829 542 2861 ²
553 2836 559 2858 ‘
571 2831 627 2900 Qui
640 2838 767 2894 venerat,
780 2849 836 2885 non
849 2837 882 2885 ut
894 2831 1041 2903 propriam
1054 2832 1165 2887 faceret
1176 2833 1376 2898 voluntatem,

155 2893 303 2944 mmmm
326 2918 345 2942 ‘¹
367 2915 436 2970 ‘sed
466 2916 564 2986 Ipsius
594 2916 781 2980 voluntatem,
812 2917 863 2986 qui
896 2933 962 2970 eum
991 2916 1093 2979 misit,’
1119 2935 1173 2971 nee
1205 2918 1378 2975 ministrari

154 2957 272 3088 ffiffhe
327 3005 345 3028 “
365 3005 494 3064 venerat,
507 3000 558 3055 sed
570 3001 667 3071 potius
681 3001 865 3064 ministrare;
887 3000 1045 3054 absurdum
1054 3000 1212 3056 videturin
1220 3005 1377 3063 monacho,

155 3090 281 3157 soliciring
327 3088 344 3112 “
364 3086 448 3156 cujus
473 3091 519 3139 est
537 3084 582 3140 sui
601 3084 716 3155 praelati
743 3083 847 3154 subjici
875 3084 1028 3147 voluntati,
1054 3102 1088 3138 ao
1116 3085 1243 3140 honores
1272 3088 1378 3160 fugere

154 3158 287 3208 “dffllssfiffi
326 3173 342 3196 “
361 3170 532 3232 mundiales,
553 3176 660 3234 contra,
682 3168 730 3222 vel
748 3174 862 3238 praeter,
883 3168 929 3222 sui
948 3168 1062 3239 praeleti
1081 3169 1275 3234 voluntatem,
1295 3191 1377 3245 mag·

154 3224 311 3355 }{r‘ffiyffli
325 3257 342 3280 “
361 3259 461 3307 natum
478 3270 580 3325 preces
599 3253 646 3306 vel
666 3252 780 3307 litteras
799 3269 965 3322 procurare,
987 3259 1020 3306 ut
1038 3253 1175 3307 accedere
1196 3257 1310 3324 poterit
1338 3258 1375 3311 ad

154 3356 256 3419 pem
326 3339 345 3362 ‘⁶
368 3336 473 3392 Studia
490 3338 666 3400 litterarum,
687 3341 738 3389 aut
756 3335 829 3389 inibi
849 3336 1033 3397 commorari,
1054 3353 1106 3390 seu
1125 3337 1236 3407 gradus
1257 3340 1375 3410 aliquos

155 3420 256 3474 themar.
324 3423 341 3447 “
361 3421 392 3475 in
412 3422 514 3476 Studio
539 3423 692 3493 attingere,
713 3420 816 3474 velud
842 3421 954 3491 apicem
981 3421 1136 3476 ascendere
1155 3421 1372 3493 Magistratus;

325 3505 488 3574 “hincque
513 3505 650 3560 distincte
668 3504 862 3575 presentibus
880 3504 1078 3575 prohibemus,
1105 3522 1141 3558 ne
1168 3508 1236 3575 quis
1264 3516 1374 3565 nostru*

322 3592 340 3615 “
359 3588 511 3658 religionis
529 3589 698 3650 monachus,
711 3593 820 3649 contra,
833 3587 881 3640 vel
900 3593 1015 3657 praeter,
1037 3588 1083 3641 sui
1101 3589 1218 3658 praelati
1236 3591 1374 3648 volunta·

322 3674 339 3698 ‘⁶
359 3678 427 3733 tem,
459 3671 643 3725 saecularium
674 3688 913 3741 quorumcunque
943 3688 1046 3741 preces
1082 3671 1130 3726 vel
1155 3672 1274 3729 litteras
1304 3694 1373 3747 pro·

323 3757 341 3781 ‘⁴
361 3758 452 3816 curet,
471 3758 522 3808 aut
552 3754 639 3808 faciat
668 3754 827 3824 procurari,
857 3760 891 3807 ut
920 3754 958 3808 ad
986 3754 1123 3809 Studium
1140 3759 1371 3826 transmittatur,

323 3842 342 3865 ‘¹
361 3838 459 3893 autin
480 3837 583 3892 Studio
601 3837 774 3902 detineatur,
796 3838 857 3893 sive
876 3838 913 3892 ad
931 3838 1041 3909 gradus
1061 3857 1250 3912 quoscunque
1272 3843 1372 3901 Stadii

321 3927 339 3949 “
360 3928 576 3994 promoveatur,
605 3940 657 3976 suo
674 3922 795 3994 praelato
814 3922 970 3987 nesciente,
990 3924 1037 3978 vel
1056 3924 1146 3978 etiarn
1165 3925 1221 3981 hoc
1239 3929 1370 3984 nolente.

320 4006 581 4077 “statuimusque
615 4005 692 4077 quod
728 4007 753 4061 si
790 4006 947 4077 quisquam
983 4007 1074 4061 nostri
1112 4006 1231 4064 Ordinis
1264 4030 1371 4082 preces

318 4096 335 4120 “
353 4091 402 4145 vel
420 4091 544 4155 litteras,
571 4095 604 4144 ut
627 4090 790 4161 praefertur,
821 4107 873 4160 per
899 4107 930 4143 so
949 4091 996 4143 rel
1014 4108 1066 4160 per
1085 4090 1185 4156 alium,
1206 4112 1369 4168 praesump-

320 4180 338 4204 “
360 4176 433 4230 serit
457 4192 621 4247 procurare,
650 4193 683 4229 ao
708 4192 796 4246 snper
821 4173 875 4228 hoc
903 4174 1054 4229 convictus
1079 4175 1219 4241 extiterit,
1240 4197 1275 4234 eo
1293 4181 1369 4252 ipso,

319 4265 335 4288 “
355 4260 465 4330 absque
502 4276 589 4313 causa
619 4258 676 4313 aliu
706 4258 909 4329 qualicunque,
939 4257 988 4311 “si
1018 4258 1146 4314 nondum
1171 4261 1208 4316 ad
1228 4261 1369 4319 Studium

327 4444 688 4455 .-.ς--ῄ--ῥη
693 4443 877 4451 ω-ι--ι--ι-
889 4443 1039 4451 ——n—--
1045 4446 1137 4453 -——-

372 4563 484 4627 lepidima
497 4564 522 4612 in
534 4562 590 4611 MS,
895 4559 905 4589 ³
918 4559 1028 4610 Omitted
1038 4562 1065 4611 in
1074 4562 1115 4614 the
1122 4570 1183 4622 text,
1195 4567 1240 4615 but
1250 4569 1369 4632 supplied

372 4640 437 4690 John
455 4641 488 4688 vi.
501 4646 539 4690 38.
865 4639 888 4688 iu
900 4639 941 4690 the
952 4640 1059 4706 margin,
1077 4642 1128 4693 ina
1147 4643 1210 4694 later
1221 4645 1296 4696 hund.
