3038 5452
410 705 624 755 uounsrsnu
647 703 770 754 seren
791 703 929 755 amiur.
1126 690 1188 753 245

147 906 164 928 ‘⁶
183 923 251 960 suos
270 905 307 960 de
325 905 398 960 villa
409 905 445 959 de
466 905 572 959 Sancto
583 903 708 968 Albano,
723 904 759 958 de
773 921 807 958 eo
821 905 899 975 quod
912 904 974 976 ipse
994 904 1013 958 J
1015 905 1142 960 ohannes
1161 909 1191 958 et
1203 906 1358 970 Richardll,

148 990 165 1012 “
185 988 236 1042 alii
249 988 256 1020 ¹
268 986 401 1060 [negent]
417 989 512 1043 facere
523 994 632 1044 sectam
644 988 681 1043 ad
692 986 891 1042 molendinum
907 988 1001 1060 ipsius
1018 988 1141 1044 Abbatis
1154 988 1190 1042 de
1231 975 1307 1089 Am

148 1073 165 1096 ‘¹
184 1072 256 1126 villa
269 1072 420 1144 praefficta,
441 1090 529 1142 quam
547 1072 584 1126 ad
596 1071 672 1126 illud
684 1072 779 1126 lacere
792 1071 899 1126 debent
910 1078 940 1126 et
952 1072 1061 1138 solent;
1081 1077 1112 1127 et
1121 1072 1192 1126 licet
1252 1043 1327 1157 ᾖξ’

147 1156 316 1226 “predicti
341 1156 361 1210 J
363 1157 489 1210 ohannes
515 1161 545 1211 et
568 1155 629 1220 alii,
656 1155 823 1226 placitando
844 1173 942 1209 coram
959 1156 1043 1211 vobis
1066 1174 1124 1211 non
1142 1156 1190 1210 de-
1222 1145 1342 1225 med-3⁸5.

146 1241 166 1265 ‘⁶
184 1239 313 1295 dixerint
325 1241 396 1311 quin
415 1240 473 1312 ipsi
485 1239 592 1294 debent
609 1240 706 1294 facere
719 1244 829 1294 sectam
841 1239 879 1293 ad
891 1238 1064 1310 predictum
1081 1240 1191 1296 molen·
1248 1267 1316 1280 —

146 1325 166 1349 “
184 1322 286 1378 diuum
303 1325 396 1396 ipsius
408 1324 533 1378 Abbatis
546 1323 581 1377 de
594 1323 729 1378 omnibus
747 1321 842 1377 bladis
861 1322 1025 1378 furniandis
1037 1328 1068 1378 et
1078 1324 1190 1379 braseis

144 1407 165 1432 ‘⁶
185 1407 354 1462 braseandis
373 1408 404 1461 in
421 1406 482 1460 illis
501 1406 672 1478 mesuagiis,
695 1424 763 1461 cum
783 1405 979 1477 pertinentiis,
1006 1425 1071 1478 quae
1091 1412 1191 1463 tenent

147 1492 165 1516 ‘⁴
184 1490 216 1544 in
232 1490 304 1545 villa
321 1490 470 1561 predicta,
488 1508 541 1546 vos
562 1490 763 1555 nihilominus,
783 1508 837 1561 pro
862 1508 897 1545 eo
922 1491 1001 1562 quod
1025 1491 1108 1546 vobis
1133 1510 1191 1546 non

146 1575 165 1599 “
185 1574 316 1629 constitit
334 1573 413 1644 quod
424 1573 537 1628 exactio
555 1572 725 1644 hujusmodi
746 1579 833 1628 seetae
845 1575 1025 1645 temporibus
1037 1575 1190 1630 retroactis

147 1660 165 1683 “
184 1655 374 1713 disrationata
398 1658 465 1722 fuit,
496 1657 555 1712 nisi
580 1663 695 1712 tantum
719 1658 832 1712 ratione
857 1663 1004 1712 terrerum
1036 1659 1191 1714 arabilium

146 1743 165 1767 ‘⁴
184 1740 260 1796 unde
278 1740 448 1796 emerserint
464 1740 560 1806 blada,
588 1741 626 1795 ad
647 1740 794 1812 judicium
812 1741 844 1795 in
868 1741 974 1811 placito
992 1742 1044 1797 illo
1069 1742 1191 1798 redden-

146 1827 165 1852 “
184 1824 262 1889 dum,
279 1824 365 1896 juxta
381 1842 549 1896 processum
566 1824 635 1880 inde
654 1842 752 1880 coram
765 1824 849 1879 vobis
869 1824 1013 1890 habitum,
1033 1827 1190 1896 procedere

146 1910 164 1934 ‘¹
183 1909 334 1980 hueusque
346 1908 513 1974 distulistis,
528 1909 559 1962 in
577 1908 671 1979 ipsius
683 1907 807 1964 Abbatis
821 1907 1007 1977 dispendium
1024 1927 1082 1963 non
1099 1910 1190 1964 modi·

145 1994 163 2018 “
183 2010 258 2056 cum,
275 2000 305 2047 et
323 2009 491 2062 gravamen,
507 1998 537 2047 et
553 1992 684 2047 ecelesias
697 2010 758 2047 sure
778 1991 879 2046 Sancti
897 1991 1005 2046 Albani
1024 1990 1092 2062 ²[de
1104 1991 1189 2064 villa]

148 2078 164 2102 ¹¹
183 2075 220 2130 de
246 2075 352 2131 Sancto
377 2076 492 2131 Albano
518 2075 759 2131 exhaeredetioms
786 2074 951 2146 perieulum
980 2076 1188 2131 menifestum:

147 2161 166 2186 ‘⁴
185 2178 272 2231 super
290 2178 348 2231 qno
366 2159 543 2231 supplicarit
560 2164 594 2214 ut
610 2160 668 2216 sibi
686 2158 722 2214 de
734 2158 864 2214 remedio
887 2176 1018 2230 congruo
1035 2160 1190 2230 providere

148 2246 166 2270 ‘¹
184 2262 329 2299 curemus.
375 2243 515 2300 Volentes
542 2243 636 2315 igitur
665 2245 786 2314 praefeto
810 2243 925 2307 Abbati,
951 2248 1094 2312 quatenus
1122 2262 1190 2298 cnm

148 2329 166 2353 ‘¹
181 2328 300 2399 justitia
317 2328 488 2399 poterimus,
509 2327 664 2383 subvenire
683 2328 714 2381 in
731 2329 786 2382 hac
803 2333 896 2398 parte,
915 2329 998 2383 robis
1019 2328 1189 2384 mandemus

146 2415 163 2438 ‘⁴
183 2412 304 2483 quodsi
326 2413 357 2466 in
374 2412 483 2483 placito
501 2412 643 2482 praedicto
661 2429 759 2467 coram
782 2412 867 2466 vobis
892 2411 992 2467 taliter
1016 2413 1056 2467 sit
1074 2430 1189 2483 proces·

147 2497 165 2522 ‘⁶
184 2513 259 2560 snm,
279 2501 348 2550 tunc
366 2494 565 2566 adjudicium
583 2495 651 2548 inde
674 2494 862 2558 reddendum,
887 2495 1094 2551 nonobstante
1113 2497 1192 2567 quod

147 2583 165 2604 “
184 2578 351 2648 hujusmodi
370 2585 449 2634 secte
469 2585 562 2642 entes,
583 2584 617 2633 ut
634 2578 814 2649 praedicitur,
840 2578 1031 2634 disrationata
1047 2581 1189 2646 nonfuit,

148 2664 165 2688 “
183 2661 356 2734 procedatis.
393 2662 481 2717 Teste
499 2662 622 2733 meipso,
636 2661 715 2733 apud
733 2661 908 2727 Eboracum,
922 2667 1026 2733 quarto
1044 2664 1092 2719 die
1105 2664 1189 2731 Julii,

147 2748 166 2773 “
184 2764 258 2801 anno
276 2747 361 2818 regni
379 2746 472 2801 nostri
490 2745 622 2801 octavo.”

367 2929 591 2996 Oenomao
612 2927 738 3014 placiti
760 2929 966 3016 prescripti.

190 3056 278 3121 “Ad
299 3077 396 3143 quem
420 3054 508 3121 diem
522 3062 687 3121 venerunt
709 3060 820 3142 portes
835 3057 1011 3142 praedictae,
1026 3078 1084 3142 per
1106 3078 1190 3142 prae-

147 3166 163 3192 “
185 3158 289 3224 dictos
320 3162 505 3223 attornetos
536 3179 633 3238 snos3
665 3162 699 3222 et
721 3157 883 3222 Dominus
915 3157 988 3222 Rex
1017 3157 1190 3223 mandevit

145 3267 164 3294 “
186 3260 283 3325 breve
305 3281 400 3324 suum
422 3258 476 3324 hic
497 3259 534 3323 in
557 3258 627 3325 haec
648 3259 756 3334 verba,
779 3265 809 3323 et
832 3265 954 3324 coetero.

190 3361 302 3427 “Ideo
325 3360 566 3426 consideratum
597 3365 656 3440 est,
683 3360 771 3447 quod
794 3360 971 3446 praedictus
994 3359 1108 3426 Abbes
1139 3382 1187 3426 re·
1201 3375 1340 3452 ²Juupnent

147 3468 164 3499 “
186 3469 318 3551 cuperet
340 3485 454 3529 versus
476 3484 529 3527 eos
552 3467 674 3528 sectam
700 3484 794 3527 suem
814 3464 1023 3548 praedictam
1049 3469 1083 3529 et
1106 3442 1360 3561 preefflssffissf

145 3573 162 3600 ‘¹
184 3566 291 3632 dietus
326 3564 484 3652 Magister
516 3565 687 3631 Johannes
724 3575 759 3630 et
796 3565 854 3629 alii
885 3572 913 3632 et
944 3571 1067 3632 cetero.
1122 3567 1188 3634 Sed
1200 3576 1348 3653 llnquiryar

144 3675 161 3701 “
183 3669 261 3755 quia
283 3667 458 3733 dubitatur
481 3667 521 3733 de
544 3666 681 3733 ³fraude
703 3675 733 3734 et
755 3675 880 3746 coetcro,
894 3668 967 3733 ideo
990 3674 1092 3736 cesset
1113 3643 1355 3760 exe-{2ffl}¹‡0

147 3777 165 3804 “
185 3771 282 3850 cutio,
305 3785 474 3856 quousque
499 3776 529 3836 et
551 3776 674 3835 eutero.
720 3769 766 3833 Et
796 3776 997 3858 praeeeptum
1020 3776 1071 3837 est
1091 3772 1187 3838 Vioe-
1200 3775 1333 3826 duetus

144 3878 164 3908 “
186 3872 306 3949 comiti,
323 3873 412 3958 quod
441 3873 553 3938 venire
583 3871 684 3937 faeiat
712 3871 765 3937 hio
794 3873 890 3950 odie
914 3872 1029 3940 Sancti
1053 3874 1185 3938 Hillarii
1199 3841 1342 3959 ffiffi‚
1406 3921 1408 3924 -

147 3984 164 4010 “
185 3977 220 4040 in
243 3965 429 4062 quindecim
453 3975 531 4052 dies,
563 3973 733 4040 duodecim
764 3981 794 4040 et
816 3981 937 4052 cetero,
968 3998 1026 4061 per
1055 3997 1136 4061 quos
1159 3982 1189 4042 ct

145 4083 164 4112 ‘¹
185 4083 307 4156 cotem,
329 4077 393 4142 nisi
421 4077 591 4142 Johennes
621 4076 662 4141 de
689 4075 920 4164 Cantebrugge
947 4078 1000 4142 die
1026 4075 1187 4142 ⁴Sebbati

146 4187 162 4213 “
184 4179 220 4244 in
249 4178 373 4266 vigilia
404 4178 536 4244 Natalis
567 4177 703 4244 Domini
734 4179 822 4265 apud
848 4179 961 4244 villum
993 4179 1033 4244 de
1065 4179 1186 4243 Sancto

146 4287 163 4316 ‘¹
184 4282 320 4361 Albano
337 4281 428 4367 prius
450 4282 586 4346 venerit

177 4491 436 4556 ¹This,orasimilar
451 4495 529 4553 word,
546 4494 569 4544 is
585 4492 637 4543 evi·
688 4492 797 4542 omitted.

146 4573 226 4638 dently
237 4573 349 4624 omitted.
720 4570 923 4637 ³Seepage2³8
935 4578 999 4630 arte,
1010 4570 1075 4623 Note
1086 4577 1111 4634 2,

176 4652 278 4705 ’These
300 4653 382 4704 words
403 4667 447 4705 are
473 4651 639 4717 accidentally
722 4649 936 4704 *manans
