3038 5452
247 648 313 710 490·
639 661 816 713 seranum
841 649 900 729 (a.)

248 855 268 875 ⁴⁶
288 850 324 903 ‹le
342 850 461 912 Barnea
482 850 619 906 canonici
639 852 770 906 ecclesiae
790 851 890 906 Sancti
908 849 1023 922 P[anli]
1037 851 1207 917 Londoniis,
1226 872 1298 910 cum

249 938 267 959 ⁴⁶
288 934 523 1003 migraverimus,
555 941 586 989 et
617 936 799 1003 migraverit,
831 936 868 990 ab
893 936 948 991 hac
979 935 1055 1001 luce,
1083 937 1300 994 Armiversaria

248 1021 267 1042 ‘⁶
289 1018 382 1071 iacere
413 1025 574 1072 teneantur.
623 1017 677 1072 Dic
707 1036 777 1074 vero
806 1018 987 1090 praecedente
1014 1019 1093 1075 diem
1123 1021 1298 1094 hujusmodi

249 1103 267 1126 ‘⁶
287 1101 393 1164 obitus,
413 1101 503 1156 linitis
520 1101 671 1173 Vesperis,
684 1102 715 1155 in
733 1102 858 1157 ecclesia
875 1102 974 1157 dicant
991 1103 1097 1159 batres
1115 1104 1296 1169 sacerdotes,

247 1187 267 1210 “
287 1201 353 1239 cum
382 1191 451 1240 nota
474 1184 800 1248 ibidem,-‘Placebo’
827 1186 1038 1258 et-‘Dirige,'
1065 1187 1238 1244 solemniter
1266 1188 1296 1243 in

248 1272 266 1293 ‘⁶
287 1268 450 1333 communi;
470 1269 552 1322 acin
579 1270 706 1324 erastino
725 1268 853 1324 celebret
879 1268 1033 1339 Magister,
1052 1287 1114 1334 seu,
1142 1288 1179 1326 eo
1202 1272 1297 1343 impe·

247 1355 266 1378 “
286 1352 357 1414 dito,
377 1353 452 1406 alius
471 1353 561 1406 frater
573 1370 625 1423 pro
644 1370 687 1415 eo,
707 1370 774 1407 cum
792 1359 870 1416 nota,
890 1352 926 1408 de
944 1352 1045 1409 Officio
1063 1353 1289 1411 Defunctcrum.

401 1534 452 1599 De
476 1534 696 1600 Testamentis
718 1534 886 1601 Fratrum
908 1535 1134 1603 Sacerdotem.

282 1669 345 1724 “Si
363 1671 469 1725 frames
482 1669 646 1725 sacerdotes
664 1670 768 1726 testari
779 1671 936 1735 voluerint,
951 1690 1003 1727 seu
1015 1672 1115 1743 aliqua
1132 1672 1164 1726 in
1183 1691 1239 1727 sna
1251 1691 1296 1728 re-

246 1756 265 1781 “
284 1754 416 1824 linquere
425 1753 583 1813 voluntate,
598 1755 724 1811 eundem
742 1755 875 1810 ordinem
894 1756 955 1809 sive
974 1748 1103 1818 modum,
1120 1767 1184 1812 tam
1196 1757 1294 1828 quoad

202 1846 205 1852 '
246 1841 264 1864 ‘⁴
284 1838 489 1901 inventarium,
511 1856 598 1907 quam
622 1844 728 1893 oaetera
751 1840 849 1893 omnia
871 1839 930 1892 alia
955 1847 985 1893 et
1003 1840 1129 1909 singula,
1151 1858 1244 1911 supra
1265 1843 1294 1894 in

245 1926 263 1948 ‘⁶
283 1923 378 1977 titulis
396 1921 432 1976 de
445 1922 628 1977 testamentis
646 1923 839 1994 leprosorum,
859 1923 937 1977 etde
956 1923 1050 1977 forma
1067 1924 1206 1988 testandi,
1226 1942 1294 1978 con·

245 2009 264 2032 “
284 2012 372 2067 tenta,
399 2022 486 2077 quem
504 2006 622 2061 modum
642 2005 751 2060 ibidem
776 2006 911 2062 duximus
939 2006 1135 2072 statuendum,
1156 2008 1295 2064 studeant

245 2091 263 2115 “
283 2089 406 2144 tirmiter
423 2090 587 2154 observare,
608 2090 662 2145 sub
680 2108 767 2160 poena
784 2090 894 2144 ibidem
913 2090 1021 2145 clarius
1040 2096 1185 2147 annotata

244 2299 291 2362 De
311 2298 547 2385 pensionibus,
570 2299 622 2363 cei
645 2297 816 2373 corrodiis,
840 2298 1042 2364 sicliniensis
1065 2300 1291 2367 maenada.

280 2455 299 2478 “
318 2452 364 2506 Ne
383 2469 417 2506 ea
436 2468 501 2522 qum
527 2451 563 2505 ad
581 2458 695 2506 certum
718 2450 801 2522 pium
828 2469 915 2505 nsum
943 2458 1012 2506 sunt
1039 2453 1197 2522 largitione
1223 2453 1291 2507 fide·

244 2535 355 2589 “lium
382 2534 534 2596 destinata,
561 2533 592 2587 in
623 2552 693 2588 usus
721 2533 793 2588 alios
822 2541 1037 2598 convertantur,
1070 2542 1122 2591 aut
1151 2538 1289 2606 praefatus

244 2622 262 2645 “
282 2636 420 2672 numerus
445 2618 628 2689 leprosorum
647 2626 677 2673 et
694 2616 878 2672 sacerdotum
902 2619 1102 2688 inposterum
1129 2621 1287 2683 minuatur,

243 2706 262 2728 “
281 2701 336 2756 hac
354 2702 532 2756 ordinatione
550 2709 692 2773 perpetua
709 2701 906 2773 prohibemus,
927 2719 963 2755 ne
988 2721 1118 2772 unquam
1146 2705 1235 2760 alicui
1254 2706 1288 2759 de

243 2787 262 2810 “
282 2785 364 2838 bonis
392 2784 463 2840 dicti
489 2785 642 2854 hospitalis
661 2785 697 2838 ab
722 2784 776 2838 hac
802 2785 874 2838 hora
899 2785 929 2838 in
954 2791 1040 2840 antea
1057 2804 1093 2839 ex
1110 2787 1285 2850 venditione,

242 2872 261 2895 “
281 2867 444 2927 donatione,
465 2885 517 2922 seu
536 2886 570 2921 ex
596 2885 767 2939 quacunque
791 2869 985 2932 concessione,
1006 2869 1043 2923 ad
1068 2871 1161 2924 vitam
1179 2873 1225 2925 rel
1252 2872 1286 2926 ad

243 2957 260 2978 ‘⁶
281 2960 406 3024 tempus,
426 2953 462 3005 ob
481 2953 628 3014 meritum,
644 2970 695 3006 seu
714 2959 832 3023 propter
851 2953 1032 3023 obsequium,
1046 2960 1097 3007 aut
1115 2972 1286 3026 quocunqne

242 3040 260 3063 ‘¹
280 3037 385 3101 colore,
406 3037 515 3091 directe
540 3036 585 3090 vel
605 3036 756 3098 indirecte,
776 3054 889 3096 census,
910 3039 1020 3108 pensio,
1044 3039 1091 3091 vel
1111 3040 1284 3101 corrodium,

242 3125 260 3147 ‘⁸
281 3120 463 3176 coucedatur.
500 3120 539 3174 Et
556 3127 591 3173 ut
608 3119 670 3173 haec
682 3127 781 3174 nostra
799 3120 957 3191 probibitio
974 3122 1088 3175 firmius
1106 3122 1284 3179 observetur.

242 3209 260 3231 “
272 3207 437 3260 statuimus
456 3211 486 3259 et
505 3204 698 3267 decernimus,
720 3203 797 3275 quod
819 3204 929 3275 singuli
949 3205 1063 3268 fratres,
1091 3212 1152 3259 tarn
1179 3206 1284 3276 leprosi

241 3295 259 3317 ‘⁶
281 3309 367 3360 quam
393 3289 544 3361 capellani,
574 3288 604 3342 in
631 3287 806 3342 admissione
835 3306 896 3346 sua,
922 3289 1023 3357 jurent
1050 3288 1088 3342 ad
1113 3296 1214 3344 sancta
1232 3289 1283 3343 Dei

240 3378 259 3400 “
279 3374 449 3445 Evangelia,
464 3372 542 3443 quod
560 3390 709 3441 nunqnam
724 3371 832 3426 directe
844 3371 891 3425 vel
910 3371 1060 3435 indirecto,
1073 3373 1163 3427 tacite
1176 3373 1223 3427 vel
1241 3389 1285 3427 ex·

239 3462 258 3484 “
278 3475 387 3527 presse,
407 3457 523 3519 facient,
543 3456 749 3526 procurabunt,
770 3462 821 3509 aut
838 3456 1026 3520 consentient,
1047 3457 1125 3528 qnod
1143 3458 1232 3512 alicui
1250 3457 1284 3510 de

240 3547 258 3567 ‘⁶
279 3540 361 3595 bonis
388 3541 459 3595 dicti
484 3540 649 3610 hospitalia,
671 3559 705 3594 ex
725 3558 894 3611 quacunque
920 3558 1015 3603 causa,
1035 3541 1082 3595 vel
1112 3559 1283 3612 quocunque

239 3628 258 3650 “
278 3624 382 3686 colore,
403 3642 516 3686 censue,
536 3624 713 3687 corrodium,
733 3623 779 3678 vel
799 3625 909 3694 pensio,
931 3623 1122 3688 concedatur;
1143 3625 1195 3681 sed
1214 3641 1282 3696 quo-

239 3712 258 3734 “
278 3708 334 3762 ties
359 3708 395 3760 de
423 3706 588 3776 hujusmodi
615 3708 799 3761 concessione
826 3707 958 3761 facienda
984 3708 1129 3762 intereos
1154 3709 1281 3763 locutum

239 3795 257 3818 ‘⁴
277 3792 375 3854 fuerit,
389 3790 437 3844 vel
449 3795 615 3853 tractatum,
631 3797 795 3845 constanter
807 3809 859 3862 pro
872 3792 941 3845 totis
952 3791 1066 3845 viribus
1079 3793 1283 3847 contradicent.

239 3879 257 3902 ‘⁶
277 3875 316 3931 Et
332 3874 521 3930 nihilominus
546 3875 681 3928 volumus
701 3881 730 3928 et
749 3875 914 3937 statuimus,
935 3875 1012 3945 quod
1036 3892 1136 3932 omnes
1161 3877 1210 3946 qui
1230 3878 1281 3931 hu·

238 3964 256 3986 ¹⁶
273 3958 402 4029 jusmodi
434 3957 613 4014 concessioni
635 3957 774 4012 faciendae
802 3976 972 4013 consensum
998 3959 1184 4029 praebuerint,
1206 3962 1284 4015 anui·

237 4047 256 4070 ‘⁴
276 4043 359 4105 lium,
379 4043 426 4097 vel
445 4042 584 4102 favorem,
605 4059 639 4094 cx
658 4042 712 4097 hoc
731 4042 1035 4097 excommunicationis
1053 4045 1284 4100 sententiosas

237 4130 256 4154 ‘¹
272 4127 398 4195 jaceant,
419 4128 482 4197 ipso
503 4128 585 4180 iacto.

324 4327 370 4391 De
391 4326 545 4410 infirmis
567 4327 748 4392 Fratribus
773 4327 1180 4415 Oripelicmie.-erricn.

272 4486 290 4508 “
306 4481 468 4536 Statuimns
488 4483 565 4551 qued
583 4484 705 4538 infirmis
727 4484 884 4555 capellanis
903 4484 938 4539 de
957 4485 1036 4540 victu
1056 4487 1226 4556 quotidiano
1244 4488 1285 4543 ita

236 4569 254 4591 ‘⁶
275 4565 346 4619 bene
366 4567 394 4622 in
414 4568 557 4628 omnibus,
578 4569 653 4622 sieut
672 4569 810 4624 iratribus
829 4569 996 4640 capellanis,
1011 4570 1040 4623 in
1058 4570 1214 4626 refectorio
1232 4591 1284 4627 seu
