3038 5452
419 739 629 790 uouusruuu
653 741 772 790 susem
796 742 933 792 aarum.
1134 731 1197 794 385

157 929 194 990 et
215 947 274 1012 pro
297 925 420 1013 ingenii
443 929 630 1008 vivacitate,
647 930 869 1016 singularique
884 929 1033 995 facundia
1049 931 1199 997 effectum
1229 939 1347 994 'recma

157 1033 209 1094 est
242 1029 368 1095 celebre
400 1051 519 1096 nomeu
543 1031 635 1117 ejus3
666 1032 830 1118 fiebatque
852 1022 1024 1098 concursus
1053 1033 1096 1098 ad
1125 1056 1200 1099 eum
1245 1005 1339 1122 ffi,

157 1133 322 1198 maximus
356 1154 467 1198 eorum
498 1135 555 1220 qui
584 1156 696 1200 causas
730 1135 907 1212 habebant,
930 1157 968 1200 eo
998 1136 1086 1222 quod
1115 1141 1201 1202 esset
1256 1137 1325 1189 AD·

157 1235 365 1321 n⁰g⁰fi⁰mm
395 1236 540 1322 ⁰Piifflu⁸
575 1236 765 1322 expediar.
817 1237 916 1303 Unde
946 1237 1086 1325 contigit
1125 1260 1199 1303 eum
1231 1210 1355 1311 ¹³f,⁹‡⁹⁶·

157 1334 253 1421 plura
286 1336 406 1401 lucrari
435 1338 565 1416 cotidie,
605 1343 640 1402 et
685 1339 871 1404 incredibili
907 1340 980 1403 auri
1011 1340 1260 1424 quantitatem
1270 1358 1342 1414 great

157 1437 281 1504 donari
327 1438 393 1504 Sed
418 1444 539 1516 tamen,
571 1439 648 1505 licet
677 1442 915 1526 patrimonium
948 1441 1083 1507 haberet
1119 1417 1360 1546 satisfflfflgd,

156 1541 358 1626 opulentum,
373 1540 458 1620 licet,
482 1548 523 1606 ut
545 1542 625 1618 dixi,
649 1543 849 1608 incessanter
870 1542 935 1608 sibi
956 1543 1102 1628 undique
1124 1565 1200 1631 por·
1213 1548 1275 1598 erin

156 1643 318 1729 rigaretur
344 1666 470 1722 aurum,
494 1644 563 1731 ipse
587 1652 699 1709 tamen
729 1645 883 1710 continue
913 1644 1122 1731 premebatur
1151 1645 1199 1711 rei
1212 1616 1361 1731 {E‘fflss’

156 1739 327 1812 familiaris
361 1746 482 1833 inopia,
513 1752 547 1811 et
583 1770 646 1812 rere
685 1769 811 1834 semper
848 1747 955 1812 alieno
989 1748 1197 1835 gravabatur.
1212 1747 1367 1812 panieuwim

156 1848 334 1913 Admirans
372 1849 476 1934 igitur
520 1871 577 1913 eur
608 1848 669 1915 hoe
703 1849 767 1914 sibi
799 1848 1001 1936 contigisset,
1031 1850 1199 1935 reputavit
1212 1822 1368 1943 ffitffi·

156 1957 245 2015 hunc
260 1954 425 2035 quaestum
439 1951 734 2036 reprehensibilem,
747 1948 976 2030 damnabilem,
993 1957 1027 2016 et
1042 1951 1198 2017 fallacem.
1213 1959 1255 2008 lie
1268 1961 1310 2011 be-

156 2052 287 2118 Statuit
320 2074 397 2139 ergo
429 2052 471 2118 de
503 2060 621 2119 caetero
650 2052 774 2118 nullam
814 2075 945 2120 causam
989 2054 1108 2134 favere,
1147 2056 1200 2119 vel
1213 2040 1367 2143 fflffi'

155 2154 327 2242 suscipere,
353 2156 418 2221 uisi
444 2156 577 2243 justam,
605 2160 640 2220 et
666 2178 734 2221 non
761 2177 820 2242 pro
846 2156 984 2242 pecunia
1010 2156 1197 2234 declamare,
1212 2157 1361 2272 {Efunlaw'

155 2257 215 2323 sed
239 2279 299 2344 pro
331 2258 468 2323 caritate
490 2258 631 2345 proximi
656 2280 769 2323 causas
793 2280 952 2344 perorare.
998 2259 1199 2345 deciditque,
1213 2229 1369 2355 ,ῃοῗῗαζὲῗ

156 2367 332 2447 postquam
363 2360 425 2425 hoc
460 2361 665 2447 propositum
701 2362 887 2425 executioni
928 2361 1123 2439 mandasset,
1162 2368 1200 2426 ut
1213 2359 1335 2474 ffiffiw

155 2462 285 2527 divitiis
307 2467 342 2528 et
363 2463 458 2528 bonis
481 2463 634 2527 omnibus
664 2463 854 2527 abundaret.
902 2461 1122 2542 Quamobrem
1145 2485 1351 2541 (tx-undenam

155 2573 238 2652 post,
273 2586 347 2629 eum
380 2565 487 2630 factus
524 2564 640 2630 fuisset
678 2564 871 2640 Cardinalis,
908 2586 1077 2650 nunquam
1115 2566 1346 2687 (imagi‘fflm

156 2667 300 2732 libenter
320 2667 470 2753 suscepit,
494 2689 569 2752 quae
592 2667 770 2732 donantem
801 2688 938 2753 gravare
970 2673 1110 2754 possent.
1157 2670 1203 2734 Et
1213 2690 1315 2741 sucum

1214 2757 1304 2806 should
1315 2760 1346 2806 be

1213 2824 1290 2872 hosed
1300 2840 1366 2887 upon

156 2791 243 2849 cum,
267 2790 338 2856 pro.
355 2791 434 2855 pace
464 2769 554 2833 inter
583 2769 691 2855 Reges
714 2768 847 2854 Angliae
868 2774 903 2835 et
933 2770 1080 2836 Francia
1103 2771 1202 2836 refor-

155 2873 287 2948 manda,
321 2872 466 2936 venisset
498 2872 534 2935 in
558 2871 724 2958 Angliam,
757 2872 911 2937 visitatus
942 2873 984 2938 ab
1017 2875 1120 2938 amieo
1142 2888 1367 2951 cooperiemur

160 2973 290 3038 Abbate
313 2973 438 3038 Thema
459 2974 496 3037 in
519 2973 670 3038 exenniis
697 2973 827 3059 maguis
849 2980 883 3038 et
905 2976 1066 3060 pretiosis,
1090 2963 1335 3084 madidis

155 3075 323 3140 recusavit
345 3075 496 3161 accipere,
520 3078 639 3160 praeter
664 3074 791 3138 fruetus
813 3080 872 3140 aut
895 3077 1048 3161 perdices,
1072 3083 1131 3141 aut
1149 3100 1201 3143 res
1213 3102 1310 3152 money.

156 3199 298 3264 quarum
311 3183 462 3263 sumptus
476 3177 644 3242 Abbatem
667 3199 735 3242 non
756 3184 940 3263 gravarent.
986 3179 1067 3244 Haec
1081 3180 1201 3258 idcireo
1214 3154 1357 3270 ffifflfl,

155 3281 313 3346 detento
336 3280 407 3343 viro
430 3278 627 3364 scripsimus,
650 3285 690 3343 ut
712 3280 971 3344 demonstremus
994 3287 1120 3365 quanta
1135 3285 1284 3347 mominis
1296 3288 1366 3352 Eng-

155 3383 264 3449 destia
285 3403 320 3447 ee
335 3380 538 3446 continuerit
552 3386 587 3445 et
602 3380 839 3467 gubernaverit
859 3381 896 3445 in
919 3381 1035 3471 pelago
1050 3385 1200 3451 avaritiae
1213 3353 1352 3470 fflffgsseffl

156 3492 305 3570 tempore
327 3483 388 3548 sub
411 3483 534 3548 eedem.
1213 3495 1322 3549 presens

202 3586 311 3673 Igitur
332 3584 567 3651 consummatis
589 3585 730 3650 feliciter
747 3606 821 3671 quae
843 3585 886 3650 ad
909 3587 1200 3666 confirmationem,
1210 3552 1300 3668 iffi,

156 3687 446 3767 examinationem,
457 3693 492 3752 et
502 3686 772 3764 benedictionem,
784 3687 978 3774 spectabant
990 3688 1199 3775 Thomaejam
1211 3686 1334 3814 QZ&

156 3789 310 3870 Abbatis,
325 3790 426 3876 eoepit
448 3789 518 3876 ipse
541 3812 583 3854 cx
605 3790 706 3853 nimio
722 3790 841 3867 labore,
857 3790 981 3876 solique
1004 3793 1198 3872 mutatione,
1212 3817 1273 3866 fruit
1285 3820 1333 3866 anu

156 3915 195 3958 ae
217 3893 301 3957 aeris
315 3892 508 3957 inconsueto
531 3891 646 3970 calore,
670 3891 816 3976 graviter
837 3892 1006 3974 infirmari,
1029 3896 1078 3959 ita
1099 3901 1139 3959 ut
1159 3895 1198 3959 de
1210 3899 1370 4001 ffiuffiffl

154 3996 226 4080 ejus
248 3994 510 4060 convalescentia
531 3994 649 4058 medici
673 3993 889 4079 desperarent.
930 3996 1083 4081 Augebat
1098 4018 1196 4081 quam
1210 4027 1337 4077 Asterhis

154 4095 299 4162 maxime
322 4095 547 4161 valetudinem
570 4100 603 4160 et
618 4094 838 4180 ¹dysenteria,
860 4118 933 4181 quae
956 4119 1048 4183 paene
1064 4120 1138 4163 eum
1153 4101 1196 4164 ad
1208 4094 1362 4210 ffiffiefiffl

155 4206 307 4264 extrema
333 4197 496 4284 perduxit.
544 4196 828 4261 Lamentabautur
859 4218 935 4284 ergo
965 4198 1089 4279 famuli,
1113 4221 1198 4264 com·
1211 4227 1322 4277 Thomas

154 4300 370 4389 patiebantur
391 4298 506 4378 amici;
528 4298 586 4364 sed
609 4304 644 4362 et
666 4298 736 4384 ipse
757 4297 911 4363 Summus
930 4299 1092 4380 Pontifex,
1115 4303 1199 4367 cala·
1211 4294 1333 4427 gwy

153 4403 266 4470 mitati
281 4402 456 4470 condolens
477 4400 566 4467 tanti
590 4399 662 4477 viri,
685 4421 814 4465 omnem
831 4400 935 4484 jussit
948 4402 1014 4466 suis
1036 4401 1248 4490 ²physieisiu.

1210 4495 1356 4613 dalhrifndsted

190 4657 198 4688 ¹
212 4653 359 4704 disserueris
371 4652 396 4703 iu
408 4651 465 4703 MS.
679 4648 684 4716 1
731 4647 742 4679 ‘³
751 4644 854 4711 phisicis
866 4647 892 4695 in
903 4647 958 4699 MS.
1212 4627 1330 4690 ih‘st'ffllt

1002 4746 1022 4793 R
1047 4749 1066 4795 fl
