<?xml version="1.0" encoding="UTF-8"?>
<!DOCTYPE html PUBLIC "-//W3C//DTD XHTML 1.0 Transitional//EN"
    "http://www.w3.org/TR/xhtml1/DTD/xhtml1-transitional.dtd">
<html xmlns="http://www.w3.org/1999/xhtml" xml:lang="en" lang="en">
 <head>
  <title>
</title>
<meta http-equiv="Content-Type" content="text/html;charset=utf-8" />
  <meta name='ocr-system' content='tesseract 3.04.00' />
  <meta name='ocr-capabilities' content='ocr_page ocr_carea ocr_par ocr_line ocrx_word'/>
</head>
<body>
  <div class='ocr_page' id='page_1' title='image "./gestaabbatummon00parigoog_0526.png"; bbox 0 0 3038 5452; ppageno 0'>
   <div class='ocr_carea' id='block_1_1' title="bbox 550 716 1209 799">
    <p class='ocr_par' dir='ltr' id='par_1_1' title="bbox 550 716 1209 799">
     <span class='ocr_line' id='line_1_1' title="bbox 550 716 1209 799; baseline 0.011 -24"><span class='ocrx_word' id='word_1_1' title='bbox 550 725 726 777; x_wconf 72' lang='lat' dir='ltr'><strong>arentum</strong></span> <span class='ocrx_word' id='word_1_2' title='bbox 754 716 813 799; x_wconf 82' lang='lat' dir='ltr'><strong>(a.)</strong></span> <span class='ocrx_word' id='word_1_3' title='bbox 1144 717 1209 788; x_wconf 75' lang='lat' dir='ltr'><strong>tut</strong></span> 
     </span>
    </p>
   </div>
   <div class='ocr_carea' id='block_1_2' title="bbox 155 905 1210 1983">
    <p class='ocr_par' dir='ltr' id='par_1_2' title="bbox 155 905 1210 1983">
     <span class='ocr_line' id='line_1_2' title="bbox 155 905 1208 987; baseline 0.009 -28"><span class='ocrx_word' id='word_1_4' title='bbox 155 908 175 933; x_wconf 81' lang='lat'><strong>⁴⁴</strong></span> <span class='ocrx_word' id='word_1_5' title='bbox 197 905 265 961; x_wconf 88' lang='lat' dir='ltr'><strong>aula</strong></span> <span class='ocrx_word' id='word_1_6' title='bbox 282 907 429 962; x_wconf 86' lang='lat' dir='ltr'><strong>communi</strong></span> <span class='ocrx_word' id='word_1_7' title='bbox 454 907 656 971; x_wconf 71' lang='lat' dir='ltr'>existentibus,</span> <span class='ocrx_word' id='word_1_8' title='bbox 680 913 834 967; x_wconf 75' lang='lat' dir='ltr'><strong>serviatur.</strong></span> <span class='ocrx_word' id='word_1_9' title='bbox 874 914 913 968; x_wconf 80' lang='lat' dir='ltr'><strong>llt</strong></span> <span class='ocrx_word' id='word_1_10' title='bbox 931 915 955 969; x_wconf 91' lang='lat' dir='ltr'><strong>si</strong></span> <span class='ocrx_word' id='word_1_11' title='bbox 975 915 1067 970; x_wconf 83' lang='lat' dir='ltr'><strong>lratcr</strong></span> <span class='ocrx_word' id='word_1_12' title='bbox 1084 915 1208 987; x_wconf 83' lang='lat' dir='ltr'><strong>capella·</strong></span> 
     </span>
     <span class='ocr_line' id='line_1_3' title="bbox 155 991 1209 1068; baseline 0.01 -25"><span class='ocrx_word' id='word_1_13' title='bbox 155 993 176 1016; x_wconf 82' lang='lat'><strong>‘⁸</strong></span> <span class='ocrx_word' id='word_1_14' title='bbox 197 1008 253 1045; x_wconf 87' lang='lat' dir='ltr'><strong>nus</strong></span> <span class='ocrx_word' id='word_1_15' title='bbox 280 991 444 1046; x_wconf 88' lang='lat' dir='ltr'><strong>infirmetur</strong></span> <span class='ocrx_word' id='word_1_16' title='bbox 469 1009 657 1063; x_wconf 89' lang='lat' dir='ltr'><strong>perannum,</strong></span> <span class='ocrx_word' id='word_1_17' title='bbox 678 997 814 1051; x_wconf 86' lang='lat' dir='ltr'><strong>volumus</strong></span> <span class='ocrx_word' id='word_1_18' title='bbox 842 998 919 1068; x_wconf 60' lang='lat' dir='ltr'><strong>(tried</strong></span> <span class='ocrx_word' id='word_1_19' title='bbox 945 1016 998 1068; x_wconf 88' lang='lat' dir='ltr'><strong>pro</strong></span> <span class='ocrx_word' id='word_1_20' title='bbox 1016 999 1161 1054; x_wconf 80' lang='lat' dir='ltr'><strong>medicina</strong></span> <span class='ocrx_word' id='word_1_21' title='bbox 1179 1006 1209 1054; x_wconf 86' lang='lat' dir='ltr'><strong>et</strong></span> 
     </span>
     <span class='ocr_line' id='line_1_4' title="bbox 155 1073 1207 1151; baseline 0.008 -24"><span class='ocrx_word' id='word_1_22' title='bbox 155 1075 176 1101; x_wconf 86' lang='lat'>“</span> <span class='ocrx_word' id='word_1_23' title='bbox 196 1073 263 1129; x_wconf 91' lang='lat' dir='ltr'><strong>aliis</strong></span> <span class='ocrx_word' id='word_1_24' title='bbox 288 1075 463 1131; x_wconf 86' lang='lat' dir='ltr'><strong>necessariis</strong></span> <span class='ocrx_word' id='word_1_25' title='bbox 490 1076 570 1131; x_wconf 89' lang='lat' dir='ltr'><strong>ultra</strong></span> <span class='ocrx_word' id='word_1_26' title='bbox 594 1095 778 1134; x_wconf 88' lang='lat' dir='ltr'><strong>communem</strong></span> <span class='ocrx_word' id='word_1_27' title='bbox 797 1090 826 1135; x_wconf 91' lang='lat' dir='ltr'><strong>ct</strong></span> <span class='ocrx_word' id='word_1_28' title='bbox 844 1081 1043 1151; x_wconf 74' lang='lat' dir='ltr'><strong>quotidianam</strong></span> <span class='ocrx_word' id='word_1_29' title='bbox 1069 1082 1207 1138; x_wconf 88' lang='lat' dir='ltr'><strong>distribu-</strong></span> 
     </span>
     <span class='ocr_line' id='line_1_5' title="bbox 155 1157 1209 1236; baseline 0.009 -24"><span class='ocrx_word' id='word_1_30' title='bbox 155 1160 176 1217; x_wconf 64' lang='grc' dir='ltr'><strong>ξ’</strong></span> <span class='ocrx_word' id='word_1_31' title='bbox 195 1157 305 1214; x_wconf 85' lang='lat' dir='ltr'><strong>tionem</strong></span> <span class='ocrx_word' id='word_1_32' title='bbox 325 1159 506 1224; x_wconf 71' lang='lat' dir='ltr'><strong>victualium,</strong></span> <span class='ocrx_word' id='word_1_33' title='bbox 527 1161 663 1217; x_wconf 80' lang='lat' dir='ltr'><strong>statium</strong></span> <span class='ocrx_word' id='word_1_34' title='bbox 690 1168 798 1232; x_wconf 79' lang='lat' dir='ltr'><strong>prater</strong></span> <span class='ocrx_word' id='word_1_35' title='bbox 821 1182 910 1218; x_wconf 89' lang='lat' dir='ltr'><strong>unam</strong></span> <span class='ocrx_word' id='word_1_36' title='bbox 937 1182 1066 1220; x_wconf 88' lang='lat' dir='ltr'><strong>maroam</strong></span> <span class='ocrx_word' id='word_1_37' title='bbox 1092 1167 1209 1236; x_wconf 86' lang='lat' dir='ltr'><strong>argenti</strong></span> 
     </span>
     <span class='ocr_line' id='line_1_6' title="bbox 156 1243 1208 1320; baseline 0.009 -26"><span class='ocrx_word' id='word_1_38' title='bbox 156 1245 176 1269; x_wconf 75' lang='lat'><strong>‘⁸</strong></span> <span class='ocrx_word' id='word_1_39' title='bbox 196 1259 250 1314; x_wconf 92' lang='lat' dir='ltr'><strong>pro</strong></span> <span class='ocrx_word' id='word_1_40' title='bbox 275 1246 404 1308; x_wconf 76' lang='lat' dir='ltr'><strong>vestuta,</strong></span> <span class='ocrx_word' id='word_1_41' title='bbox 433 1261 522 1314; x_wconf 91' lang='lat' dir='ltr'><strong>quam</strong></span> <span class='ocrx_word' id='word_1_42' title='bbox 547 1243 671 1300; x_wconf 89' lang='lat' dir='ltr'><strong>durante</strong></span> <span class='ocrx_word' id='word_1_43' title='bbox 698 1246 868 1302; x_wconf 84' lang='lat' dir='ltr'><strong>infirmitate</strong></span> <span class='ocrx_word' id='word_1_44' title='bbox 893 1248 1037 1320; x_wconf 88' lang='lat' dir='ltr'><strong>percipiet</strong></span> <span class='ocrx_word' id='word_1_45' title='bbox 1060 1249 1208 1304; x_wconf 89' lang='lat' dir='ltr'><strong>nihilomi-</strong></span> 
     </span>
     <span class='ocr_line' id='line_1_7' title="bbox 156 1325 1208 1397; baseline 0.009 -19"><span class='ocrx_word' id='word_1_46' title='bbox 156 1327 177 1351; x_wconf 86' lang='lat'><strong>‘&#39;</strong></span> <span class='ocrx_word' id='word_1_47' title='bbox 197 1342 262 1388; x_wconf 90' lang='lat' dir='ltr'><strong>nus,</strong></span> <span class='ocrx_word' id='word_1_48' title='bbox 294 1325 372 1381; x_wconf 89' lang='lat' dir='ltr'><strong>sicut</strong></span> <span class='ocrx_word' id='word_1_49' title='bbox 395 1344 494 1390; x_wconf 87' lang='lat' dir='ltr'><strong>sanus,</strong></span> <span class='ocrx_word' id='word_1_50' title='bbox 520 1326 665 1397; x_wconf 73' lang='lat' dir='ltr'><strong>Magister</strong></span> <span class='ocrx_word' id='word_1_51' title='bbox 696 1347 746 1384; x_wconf 84' lang='lat' dir='ltr'><strong>sex</strong></span> <span class='ocrx_word' id='word_1_52' title='bbox 778 1330 887 1385; x_wconf 88' lang='lat' dir='ltr'><strong>solidos</strong></span> <span class='ocrx_word' id='word_1_53' title='bbox 918 1337 948 1386; x_wconf 87' lang='lat' dir='ltr'><strong>st</strong></span> <span class='ocrx_word' id='word_1_54' title='bbox 978 1336 1043 1387; x_wconf 90' lang='lat' dir='ltr'><strong>octo</strong></span> <span class='ocrx_word' id='word_1_55' title='bbox 1073 1332 1208 1387; x_wconf 86' lang='lat' dir='ltr'><strong>denarios</strong></span> 
     </span>
     <span class='ocr_line' id='line_1_8' title="bbox 156 1406 1206 1487; baseline 0.009 -26"><span class='ocrx_word' id='word_1_56' title='bbox 156 1410 177 1435; x_wconf 84' lang='lat'><strong>‘⁴</strong></span> <span class='ocrx_word' id='word_1_57' title='bbox 197 1406 407 1479; x_wconf 75' lang='lat' dir='ltr'><strong>sterlingorum</strong></span> <span class='ocrx_word' id='word_1_58' title='bbox 431 1409 658 1480; x_wconf 77' lang='lat' dir='ltr'><strong>particulariter,</strong></span> <span class='ocrx_word' id='word_1_59' title='bbox 687 1418 775 1484; x_wconf 88' lang='lat' dir='ltr'><strong>prout</strong></span> <span class='ocrx_word' id='word_1_60' title='bbox 794 1413 903 1470; x_wconf 89' lang='lat' dir='ltr'><strong>viderit</strong></span> <span class='ocrx_word' id='word_1_61' title='bbox 930 1414 1076 1487; x_wconf 82' lang='lat' dir='ltr'><strong>expedire,</strong></span> <span class='ocrx_word' id='word_1_62' title='bbox 1104 1415 1206 1485; x_wconf 88' lang='lat' dir='ltr'><strong>hujus·</strong></span> 
     </span>
     <span class='ocr_line' id='line_1_9' title="bbox 156 1491 1208 1569; baseline 0.009 -25"><span class='ocrx_word' id='word_1_63' title='bbox 156 1495 177 1518; x_wconf 87' lang='lat'>“</span> <span class='ocrx_word' id='word_1_64' title='bbox 196 1491 276 1545; x_wconf 88' lang='lat' dir='ltr'><strong>modi</strong></span> <span class='ocrx_word' id='word_1_65' title='bbox 294 1492 337 1546; x_wconf 90' lang='lat' dir='ltr'><strong>sic</strong></span> <span class='ocrx_word' id='word_1_66' title='bbox 355 1492 471 1548; x_wconf 89' lang='lat' dir='ltr'><strong>infirmo</strong></span> <span class='ocrx_word' id='word_1_67' title='bbox 484 1494 598 1549; x_wconf 88' lang='lat' dir='ltr'><strong>solvere</strong></span> <span class='ocrx_word' id='word_1_68' title='bbox 610 1501 752 1550; x_wconf 86' lang='lat' dir='ltr'><strong>teneatur.</strong></span> <span class='ocrx_word' id='word_1_69' title='bbox 791 1496 824 1552; x_wconf 88' lang='lat' dir='ltr'><strong>Si</strong></span> <span class='ocrx_word' id='word_1_70' title='bbox 842 1515 912 1552; x_wconf 89' lang='lat' dir='ltr'><strong>vero</strong></span> <span class='ocrx_word' id='word_1_71' title='bbox 930 1499 1022 1553; x_wconf 81' lang='lat' dir='ltr'><strong>frater</strong></span> <span class='ocrx_word' id='word_1_72' title='bbox 1040 1499 1208 1569; x_wconf 78' lang='lat' dir='ltr'><strong>capellanus</strong></span> 
     </span>
     <span class='ocr_line' id='line_1_10' title="bbox 156 1575 1210 1652; baseline 0.009 -24"><span class='ocrx_word' id='word_1_73' title='bbox 156 1575 324 1630; x_wconf 83' lang='lat' dir='ltr'><strong>“breviori</strong></span> <span class='ocrx_word' id='word_1_74' title='bbox 351 1581 481 1647; x_wconf 85' lang='lat' dir='ltr'><strong>tempore</strong></span> <span class='ocrx_word' id='word_1_75' title='bbox 508 1578 682 1642; x_wconf 89' lang='lat' dir='ltr'><strong>infirmetur,</strong></span> <span class='ocrx_word' id='word_1_76' title='bbox 709 1581 846 1636; x_wconf 83' lang='lat' dir='ltr'><strong>volumus</strong></span> <span class='ocrx_word' id='word_1_77' title='bbox 875 1581 953 1652; x_wconf 85' lang='lat' dir='ltr'><strong>quod</strong></span> <span class='ocrx_word' id='word_1_78' title='bbox 983 1582 1063 1637; x_wconf 89' lang='lat' dir='ltr'><strong>dicta</strong></span> <span class='ocrx_word' id='word_1_79' title='bbox 1087 1581 1210 1638; x_wconf 88' lang='lat' dir='ltr'><strong>dimidia</strong></span> 
     </span>
     <span class='ocr_line' id='line_1_11' title="bbox 157 1661 1208 1735; baseline 0.009 -24"><span class='ocrx_word' id='word_1_80' title='bbox 157 1661 295 1713; x_wconf 80' lang='lat' dir='ltr'><strong>“marca</strong></span> <span class='ocrx_word' id='word_1_81' title='bbox 324 1677 377 1730; x_wconf 90' lang='lat' dir='ltr'><strong>pro</strong></span> <span class='ocrx_word' id='word_1_82' title='bbox 402 1667 466 1715; x_wconf 91' lang='lat' dir='ltr'><strong>rata</strong></span> <span class='ocrx_word' id='word_1_83' title='bbox 495 1663 636 1732; x_wconf 87' lang='lat' dir='ltr'><strong>temporis</strong></span> <span class='ocrx_word' id='word_1_84' title='bbox 667 1661 826 1726; x_wconf 83' lang='lat' dir='ltr'><strong>dividatur,</strong></span> <span class='ocrx_word' id='word_1_85' title='bbox 856 1670 886 1718; x_wconf 91' lang='lat' dir='ltr'><strong>et</strong></span> <span class='ocrx_word' id='word_1_86' title='bbox 919 1682 989 1735; x_wconf 89' lang='lat' dir='ltr'><strong>pars</strong></span> <span class='ocrx_word' id='word_1_87' title='bbox 1018 1683 1139 1719; x_wconf 71' lang='lat' dir='ltr'><strong>summae</strong></span> <span class='ocrx_word' id='word_1_88' title='bbox 1166 1667 1208 1720; x_wconf 88' lang='lat' dir='ltr'><strong>sic</strong></span> 
     </span>
     <span class='ocr_line' id='line_1_12' title="bbox 157 1740 1208 1819; baseline 0.007 -24"><span class='ocrx_word' id='word_1_89' title='bbox 157 1745 177 1770; x_wconf 82' lang='lat'><strong>‘⁸</strong></span> <span class='ocrx_word' id='word_1_90' title='bbox 197 1740 299 1797; x_wconf 84' lang='lat' dir='ltr'><strong>divisae</strong></span> <span class='ocrx_word' id='word_1_91' title='bbox 333 1744 463 1798; x_wconf 87' lang='lat' dir='ltr'><strong>solvatur</strong></span> <span class='ocrx_word' id='word_1_92' title='bbox 494 1744 606 1811; x_wconf 87' lang='lat' dir='ltr'><strong>eidem;</strong></span> <span class='ocrx_word' id='word_1_93' title='bbox 640 1753 670 1800; x_wconf 89' lang='lat' dir='ltr'><strong>et</strong></span> <span class='ocrx_word' id='word_1_94' title='bbox 696 1746 887 1801; x_wconf 89' lang='lat' dir='ltr'><strong>nihilominus</strong></span> <span class='ocrx_word' id='word_1_95' title='bbox 914 1748 1060 1819; x_wconf 79' lang='lat' dir='ltr'><strong>Magister</strong></span> <span class='ocrx_word' id='word_1_96' title='bbox 1091 1749 1208 1804; x_wconf 87' lang='lat' dir='ltr'><strong>eosdem</strong></span> 
     </span>
     <span class='ocr_line' id='line_1_13' title="bbox 156 1825 1205 1898; baseline 0.008 -20"><span class='ocrx_word' id='word_1_97' title='bbox 156 1829 176 1853; x_wconf 88' lang='lat'><strong>“</strong></span> <span class='ocrx_word' id='word_1_98' title='bbox 196 1825 302 1881; x_wconf 87' lang='lat' dir='ltr'><strong>fratres</strong></span> <span class='ocrx_word' id='word_1_99' title='bbox 320 1826 451 1882; x_wconf 89' lang='lat' dir='ltr'><strong>infirmos</strong></span> <span class='ocrx_word' id='word_1_100' title='bbox 463 1827 565 1883; x_wconf 84' lang='lat' dir='ltr'><strong>visitet</strong></span> <span class='ocrx_word' id='word_1_101' title='bbox 577 1836 607 1882; x_wconf 88' lang='lat' dir='ltr'><strong>et</strong></span> <span class='ocrx_word' id='word_1_102' title='bbox 619 1829 753 1894; x_wconf 88' lang='lat' dir='ltr'><strong>solatiet;</strong></span> <span class='ocrx_word' id='word_1_103' title='bbox 775 1829 885 1898; x_wconf 87' lang='lat' dir='ltr'><strong>sicque,</strong></span> <span class='ocrx_word' id='word_1_104' title='bbox 900 1847 968 1884; x_wconf 90' lang='lat' dir='ltr'><strong>cum</strong></span> <span class='ocrx_word' id='word_1_105' title='bbox 981 1829 1086 1885; x_wconf 82' lang='lat' dir='ltr'><strong>absens</strong></span> <span class='ocrx_word' id='word_1_106' title='bbox 1106 1831 1205 1897; x_wconf 84' lang='lat' dir='ltr'><strong>fuerit,</strong></span> 
     </span>
     <span class='ocr_line' id='line_1_14' title="bbox 170 1909 1057 1983; baseline 0.003 -18"><span class='ocrx_word' id='word_1_107' title='bbox 170 1912 177 1937; x_wconf 84' lang='lat'>‘</span> <span class='ocrx_word' id='word_1_108' title='bbox 197 1910 261 1965; x_wconf 85' lang='lat' dir='ltr'><strong>lieri</strong></span> <span class='ocrx_word' id='word_1_109' title='bbox 279 1909 316 1965; x_wconf 90' lang='lat' dir='ltr'><strong>ab</strong></span> <span class='ocrx_word' id='word_1_110' title='bbox 334 1910 400 1965; x_wconf 88' lang='lat' dir='ltr'><strong>aliis</strong></span> <span class='ocrx_word' id='word_1_111' title='bbox 420 1910 560 1966; x_wconf 84' lang='lat' dir='ltr'><strong>fratribus</strong></span> <span class='ocrx_word' id='word_1_112' title='bbox 579 1911 737 1982; x_wconf 88' lang='lat' dir='ltr'><strong>capellanis</strong></span> <span class='ocrx_word' id='word_1_113' title='bbox 756 1913 845 1967; x_wconf 88' lang='lat' dir='ltr'><strong>saciat</strong></span> <span class='ocrx_word' id='word_1_114' title='bbox 863 1918 893 1967; x_wconf 91' lang='lat' dir='ltr'><strong>et</strong></span> <span class='ocrx_word' id='word_1_115' title='bbox 911 1919 1057 1983; x_wconf 87' lang='lat' dir='ltr'><strong>procuret.</strong></span> 
     </span>
    </p>
   </div>
   <div class='ocr_carea' id='block_1_3' title="bbox 230 2122 1138 2208">
    <p class='ocr_par' dir='ltr' id='par_1_3' title="bbox 230 2122 1138 2208">
     <span class='ocr_line' id='line_1_15' title="bbox 230 2122 1138 2208; baseline 0 -20"><span class='ocrx_word' id='word_1_116' title='bbox 230 2122 273 2188; x_wconf 88' lang='lat' dir='ltr'><strong>Ut</strong></span> <span class='ocrx_word' id='word_1_117' title='bbox 294 2122 434 2189; x_wconf 77' lang='lat' dir='ltr'><strong>Fratres</strong></span> <span class='ocrx_word' id='word_1_118' title='bbox 455 2122 707 2191; x_wconf 84' lang='lat' dir='ltr'><strong>Jnromentnm</strong></span> <span class='ocrx_word' id='word_1_119' title='bbox 726 2128 888 2208; x_wconf 74' lang='lat' dir='ltr'><strong>prestent</strong></span> <span class='ocrx_word' id='word_1_120' title='bbox 909 2122 952 2188; x_wconf 80' lang='lat' dir='ltr'><strong>iu</strong></span> <span class='ocrx_word' id='word_1_121' title='bbox 974 2123 1138 2208; x_wconf 74' lang='lat' dir='ltr'><strong>inpressu.</strong></span> 
     </span>
    </p>
   </div>
   <div class='ocr_carea' id='block_1_4' title="bbox 156 2292 1208 2951">
    <p class='ocr_par' dir='ltr' id='par_1_4' title="bbox 156 2292 1208 2951">
     <span class='ocr_line' id='line_1_16' title="bbox 195 2292 1208 2367; baseline 0.001 -19"><span class='ocrx_word' id='word_1_122' title='bbox 195 2298 214 2323; x_wconf 90' lang='lat'>“</span> <span class='ocrx_word' id='word_1_123' title='bbox 227 2292 274 2349; x_wconf 84' lang='lat' dir='ltr'><strong>Ad</strong></span> <span class='ocrx_word' id='word_1_124' title='bbox 292 2295 433 2366; x_wconf 88' lang='lat' dir='ltr'><strong>majorem</strong></span> <span class='ocrx_word' id='word_1_125' title='bbox 451 2296 605 2360; x_wconf 85' lang='lat' dir='ltr'><strong>cautelam,</strong></span> <span class='ocrx_word' id='word_1_126' title='bbox 620 2302 651 2350; x_wconf 91' lang='lat' dir='ltr'><strong>ct</strong></span> <span class='ocrx_word' id='word_1_127' title='bbox 669 2295 827 2350; x_wconf 83' lang='lat' dir='ltr'><strong>firmiorem</strong></span> <span class='ocrx_word' id='word_1_128' title='bbox 845 2295 1059 2351; x_wconf 88' lang='lat' dir='ltr'><strong>observantiam</strong></span> <span class='ocrx_word' id='word_1_129' title='bbox 1078 2296 1208 2367; x_wconf 71' lang='lat' dir='ltr'><strong>praemis·</strong></span> 
     </span>
     <span class='ocr_line' id='line_1_17' title="bbox 158 2379 1208 2450; baseline -0.002 -17"><span class='ocrx_word' id='word_1_130' title='bbox 158 2381 178 2407; x_wconf 87' lang='lat'>“</span> <span class='ocrx_word' id='word_1_131' title='bbox 198 2397 306 2444; x_wconf 89' lang='lat' dir='ltr'><strong>sorum,</strong></span> <span class='ocrx_word' id='word_1_132' title='bbox 326 2384 475 2434; x_wconf 86' lang='lat' dir='ltr'><strong>eteorum</strong></span> <span class='ocrx_word' id='word_1_133' title='bbox 494 2380 582 2434; x_wconf 88' lang='lat' dir='ltr'><strong>etiam</strong></span> <span class='ocrx_word' id='word_1_134' title='bbox 601 2397 666 2450; x_wconf 74' lang='lat' dir='ltr'><strong>qnae</strong></span> <span class='ocrx_word' id='word_1_135' title='bbox 685 2385 858 2449; x_wconf 84' lang='lat' dir='ltr'><strong>sequnntur,</strong></span> <span class='ocrx_word' id='word_1_136' title='bbox 873 2380 1029 2433; x_wconf 86' lang='lat' dir='ltr'><strong>statuimus</strong></span> <span class='ocrx_word' id='word_1_137' title='bbox 1049 2379 1126 2448; x_wconf 91' lang='lat' dir='ltr'><strong>quod</strong></span> <span class='ocrx_word' id='word_1_138' title='bbox 1145 2379 1208 2448; x_wconf 84' lang='lat' dir='ltr'><strong>qui·</strong></span> 
     </span>
     <span class='ocr_line' id='line_1_18' title="bbox 158 2461 1207 2535; baseline 0.001 -20"><span class='ocrx_word' id='word_1_139' title='bbox 158 2464 178 2490; x_wconf 88' lang='lat'><strong>“</strong></span> <span class='ocrx_word' id='word_1_140' title='bbox 197 2461 279 2526; x_wconf 90' lang='lat' dir='ltr'><strong>libet,</strong></span> <span class='ocrx_word' id='word_1_141' title='bbox 298 2468 359 2517; x_wconf 90' lang='lat' dir='ltr'><strong>tam</strong></span> <span class='ocrx_word' id='word_1_142' title='bbox 375 2462 508 2534; x_wconf 88' lang='lat' dir='ltr'><strong>leprosus</strong></span> <span class='ocrx_word' id='word_1_143' title='bbox 527 2480 614 2532; x_wconf 90' lang='lat' dir='ltr'><strong>quam</strong></span> <span class='ocrx_word' id='word_1_144' title='bbox 630 2463 825 2535; x_wconf 85' lang='lat' dir='ltr'><strong>&#39;capellanus,</strong></span> <span class='ocrx_word' id='word_1_145' title='bbox 847 2463 877 2517; x_wconf 92' lang='lat' dir='ltr'><strong>in</strong></span> <span class='ocrx_word' id='word_1_146' title='bbox 896 2463 997 2517; x_wconf 86' lang='lat' dir='ltr'><strong>limine</strong></span> <span class='ocrx_word' id='word_1_147' title='bbox 1021 2463 1207 2517; x_wconf 80' lang='lat' dir='ltr'><strong>admissionis</strong></span> 
     </span>
     <span class='ocr_line' id='line_1_19' title="bbox 156 2546 1208 2617; baseline 0.001 -18"><span class='ocrx_word' id='word_1_148' title='bbox 156 2548 175 2572; x_wconf 79' lang='lat'><strong>‘⁶</strong></span> <span class='ocrx_word' id='word_1_149' title='bbox 195 2553 224 2600; x_wconf 89' lang='lat' dir='ltr'><strong>et</strong></span> <span class='ocrx_word' id='word_1_150' title='bbox 243 2546 396 2617; x_wconf 86' lang='lat' dir='ltr'><strong>ingressus</strong></span> <span class='ocrx_word' id='word_1_151' title='bbox 415 2546 471 2610; x_wconf 88' lang='lat' dir='ltr'><strong>eui,</strong></span> <span class='ocrx_word' id='word_1_152' title='bbox 489 2547 577 2602; x_wconf 84' lang='lat' dir='ltr'><strong>tactis</strong></span> <span class='ocrx_word' id='word_1_153' title='bbox 597 2546 712 2601; x_wconf 87' lang='lat' dir='ltr'><strong>Sanctis</strong></span> <span class='ocrx_word' id='word_1_154' title='bbox 731 2546 787 2601; x_wconf 89' lang='lat' dir='ltr'><strong>Dei</strong></span> <span class='ocrx_word' id='word_1_155' title='bbox 806 2546 987 2616; x_wconf 81' lang='lat' dir='ltr'><strong>Evangeliis,</strong></span> <span class='ocrx_word' id='word_1_156' title='bbox 1002 2546 1034 2600; x_wconf 88' lang='lat' dir='ltr'><strong>in</strong></span> <span class='ocrx_word' id='word_1_157' title='bbox 1050 2547 1208 2616; x_wconf 75' lang='lat' dir='ltr'><strong>prasentia</strong></span> 
     </span>
     <span class='ocr_line' id='line_1_20' title="bbox 157 2628 1207 2699; baseline -0.001 -17"><span class='ocrx_word' id='word_1_158' title='bbox 157 2631 177 2655; x_wconf 82' lang='lat'><strong>‘⁸</strong></span> <span class='ocrx_word' id='word_1_159' title='bbox 196 2628 404 2684; x_wconf 85' lang='lat' dir='ltr'><strong>Archidiaconi</strong></span> <span class='ocrx_word' id='word_1_160' title='bbox 422 2629 515 2683; x_wconf 89' lang='lat' dir='ltr'><strong>nostri</strong></span> <span class='ocrx_word' id='word_1_161' title='bbox 534 2635 564 2684; x_wconf 87' lang='lat' dir='ltr'><strong>et</strong></span> <span class='ocrx_word' id='word_1_162' title='bbox 584 2629 713 2693; x_wconf 84' lang='lat' dir='ltr'><strong>testium,</strong></span> <span class='ocrx_word' id='word_1_163' title='bbox 732 2636 853 2699; x_wconf 70' lang='lat' dir='ltr'><strong>praestet</strong></span> <span class='ocrx_word' id='word_1_164' title='bbox 870 2636 901 2684; x_wconf 87' lang='lat' dir='ltr'><strong>et</strong></span> <span class='ocrx_word' id='word_1_165' title='bbox 919 2630 1008 2685; x_wconf 87' lang='lat' dir='ltr'><strong>saciat</strong></span> <span class='ocrx_word' id='word_1_166' title='bbox 1025 2629 1207 2699; x_wconf 78' lang='lat' dir='ltr'><strong>subsequens</strong></span> 
     </span>
     <span class='ocr_line' id='line_1_21' title="bbox 159 2712 1207 2785; baseline 0.001 -19"><span class='ocrx_word' id='word_1_167' title='bbox 159 2715 177 2740; x_wconf 82' lang='lat'><strong>¹‘</strong></span> <span class='ocrx_word' id='word_1_168' title='bbox 194 2712 411 2783; x_wconf 66' lang='lat' dir='ltr'><strong>juramentum</strong></span> <span class='ocrx_word' id='word_1_169' title='bbox 438 2712 574 2784; x_wconf 86' lang='lat' dir='ltr'><strong>qnodque</strong></span> <span class='ocrx_word' id='word_1_170' title='bbox 602 2714 699 2783; x_wconf 89' lang='lat' dir='ltr'><strong>ipsum</strong></span> <span class='ocrx_word' id='word_1_171' title='bbox 720 2712 932 2783; x_wconf 85' lang='lat' dir='ltr'><strong>juramentum,</strong></span> <span class='ocrx_word' id='word_1_172' title='bbox 952 2719 1107 2785; x_wconf 85' lang='lat' dir='ltr'><strong>antequam</strong></span> <span class='ocrx_word' id='word_1_173' title='bbox 1133 2731 1207 2784; x_wconf 70' lang='lat' dir='ltr'><strong>prae·</strong></span> 
     </span>
     <span class='ocr_line' id='line_1_22' title="bbox 159 2796 1207 2867; baseline -0.001 -16"><span class='ocrx_word' id='word_1_174' title='bbox 159 2800 178 2825; x_wconf 84' lang='lat'><strong>‘⁴</strong></span> <span class='ocrx_word' id='word_1_175' title='bbox 198 2802 302 2860; x_wconf 86' lang='lat' dir='ltr'><strong>stetur,</strong></span> <span class='ocrx_word' id='word_1_176' title='bbox 316 2796 466 2860; x_wconf 83' lang='lat' dir='ltr'><strong>fratribus,</strong></span> <span class='ocrx_word' id='word_1_177' title='bbox 481 2797 586 2850; x_wconf 86' lang='lat' dir='ltr'><strong>saltem</strong></span> <span class='ocrx_word' id='word_1_178' title='bbox 604 2796 688 2851; x_wconf 90' lang='lat' dir='ltr'><strong>laicis</strong></span> <span class='ocrx_word' id='word_1_179' title='bbox 707 2796 951 2867; x_wconf 85' lang='lat' dir='ltr'><strong>ingredientibus,</strong></span> <span class='ocrx_word' id='word_1_180' title='bbox 964 2798 1014 2852; x_wconf 88' lang='lat' dir='ltr'><strong>vel</strong></span> <span class='ocrx_word' id='word_1_181' title='bbox 1025 2798 1122 2852; x_wconf 89' lang='lat' dir='ltr'><strong>minus</strong></span> <span class='ocrx_word' id='word_1_182' title='bbox 1134 2798 1207 2851; x_wconf 90' lang='lat' dir='ltr'><strong>bene</strong></span> 
     </span>
     <span class='ocr_line' id='line_1_23' title="bbox 159 2879 753 2951; baseline 0.002 -19"><span class='ocrx_word' id='word_1_183' title='bbox 159 2883 178 2908; x_wconf 87' lang='lat'><strong>“</strong></span> <span class='ocrx_word' id='word_1_184' title='bbox 198 2879 345 2943; x_wconf 88' lang='lat' dir='ltr'><strong>litteratis,</strong></span> <span class='ocrx_word' id='word_1_185' title='bbox 365 2879 529 2950; x_wconf 82' lang='lat' dir='ltr'><strong>vulgariter</strong></span> <span class='ocrx_word' id='word_1_186' title='bbox 547 2887 753 2951; x_wconf 84' lang='lat' dir='ltr'><strong>exponatur.-</strong></span> 
     </span>
    </p>
   </div>
   <div class='ocr_carea' id='block_1_5' title="bbox 381 3083 993 3172">
    <p class='ocr_par' dir='ltr' id='par_1_5' title="bbox 381 3083 993 3172">
     <span class='ocr_line' id='line_1_24' title="bbox 381 3083 993 3172; baseline 0 -22"><span class='ocrx_word' id='word_1_187' title='bbox 381 3084 432 3152; x_wconf 84' lang='lat' dir='ltr'><strong>De</strong></span> <span class='ocrx_word' id='word_1_188' title='bbox 447 3085 568 3172; x_wconf 68' lang='lat' dir='ltr'><strong>formo</strong></span> <span class='ocrx_word' id='word_1_189' title='bbox 591 3083 795 3152; x_wconf 75' lang='lat' dir='ltr'><strong>Jnraueutt</strong></span> <span class='ocrx_word' id='word_1_190' title='bbox 817 3084 993 3152; x_wconf 78' lang='lat' dir='ltr'><strong>Frutrtuu.</strong></span> 
     </span>
    </p>
   </div>
   <div class='ocr_carea' id='block_1_6' title="bbox 120 3232 1209 4479">
    <p class='ocr_par' dir='ltr' id='par_1_6' title="bbox 156 3232 1209 3977">
     <span class='ocr_line' id='line_1_25' title="bbox 197 3232 1207 3308; baseline -0.004 -19"><span class='ocrx_word' id='word_1_191' title='bbox 197 3238 216 3263; x_wconf 86' lang='lat'>“</span> <span class='ocrx_word' id='word_1_192' title='bbox 229 3236 294 3307; x_wconf 78' lang='lat' dir='ltr'><strong>Ego</strong></span> <span class='ocrx_word' id='word_1_193' title='bbox 312 3235 362 3302; x_wconf 68' lang='lat' dir='ltr'><strong>N„</strong></span> <span class='ocrx_word' id='word_1_194' title='bbox 381 3236 414 3290; x_wconf 91' lang='lat' dir='ltr'><strong>in</strong></span> <span class='ocrx_word' id='word_1_195' title='bbox 432 3237 590 3308; x_wconf 77' lang='lat' dir='ltr'><strong>praesentia</strong></span> <span class='ocrx_word' id='word_1_196' title='bbox 607 3234 727 3291; x_wconf 89' lang='lat' dir='ltr'><strong>Domini</strong></span> <span class='ocrx_word' id='word_1_197' title='bbox 738 3234 786 3299; x_wconf 80' lang='lat' dir='ltr'><strong>N,</strong></span> <span class='ocrx_word' id='word_1_198' title='bbox 806 3233 1016 3289; x_wconf 87' lang='lat' dir='ltr'><strong>Archidiaconi</strong></span> <span class='ocrx_word' id='word_1_199' title='bbox 1035 3232 1207 3288; x_wconf 83' lang='lat' dir='ltr'><strong>Monostcrii</strong></span> 
     </span>
     <span class='ocr_line' id='line_1_26' title="bbox 159 3315 1209 3391; baseline -0.006 -18"><span class='ocrx_word' id='word_1_200' title='bbox 159 3319 300 3375; x_wconf 83' lang='lat' dir='ltr'><strong>“Sancti</strong></span> <span class='ocrx_word' id='word_1_201' title='bbox 326 3320 444 3384; x_wconf 84' lang='lat' dir='ltr'><strong>Albani,</strong></span> <span class='ocrx_word' id='word_1_202' title='bbox 467 3320 537 3391; x_wconf 89' lang='lat' dir='ltr'><strong>juro</strong></span> <span class='ocrx_word' id='word_1_203' title='bbox 561 3319 599 3374; x_wconf 87' lang='lat' dir='ltr'><strong>ad</strong></span> <span class='ocrx_word' id='word_1_204' title='bbox 623 3320 684 3374; x_wconf 83' lang='lat' dir='ltr'><strong>haee</strong></span> <span class='ocrx_word' id='word_1_205' title='bbox 708 3319 765 3373; x_wconf 89' lang='lat' dir='ltr'><strong>Dei</strong></span> <span class='ocrx_word' id='word_1_206' title='bbox 796 3317 903 3373; x_wconf 84' lang='lat' dir='ltr'><strong>Sancta</strong></span> <span class='ocrx_word' id='word_1_207' title='bbox 928 3316 1100 3386; x_wconf 80' lang='lat' dir='ltr'><strong>Evangelia,</strong></span> <span class='ocrx_word' id='word_1_208' title='bbox 1130 3315 1209 3385; x_wconf 86' lang='lat' dir='ltr'><strong>quod</strong></span> 
     </span>
     <span class='ocr_line' id='line_1_27' title="bbox 159 3399 1208 3473; baseline -0.006 -15"><span class='ocrx_word' id='word_1_209' title='bbox 159 3405 179 3431; x_wconf 81' lang='lat'><strong>‘⁴</strong></span> <span class='ocrx_word' id='word_1_210' title='bbox 200 3403 337 3458; x_wconf 87' lang='lat' dir='ltr'><strong>obediens</strong></span> <span class='ocrx_word' id='word_1_211' title='bbox 353 3421 403 3458; x_wconf 88' lang='lat' dir='ltr'><strong>cro</strong></span> <span class='ocrx_word' id='word_1_212' title='bbox 418 3403 580 3458; x_wconf 86' lang='lat' dir='ltr'><strong>venerabili</strong></span> <span class='ocrx_word' id='word_1_213' title='bbox 597 3403 675 3473; x_wconf 90' lang='lat' dir='ltr'><strong>patri</strong></span> <span class='ocrx_word' id='word_1_214' title='bbox 695 3402 747 3466; x_wconf 67' lang='lat' dir='ltr'><strong>M,</strong></span> <span class='ocrx_word' id='word_1_215' title='bbox 767 3401 823 3455; x_wconf 87' lang='lat' dir='ltr'><strong>Dei</strong></span> <span class='ocrx_word' id='word_1_216' title='bbox 842 3401 947 3471; x_wconf 90' lang='lat' dir='ltr'><strong>gratia,</strong></span> <span class='ocrx_word' id='word_1_217' title='bbox 968 3400 1076 3454; x_wconf 85' lang='lat' dir='ltr'><strong>Abbati</strong></span> <span class='ocrx_word' id='word_1_218' title='bbox 1093 3399 1208 3452; x_wconf 88' lang='lat' dir='ltr'><strong>Menas·</strong></span> 
     </span>
     <span class='ocr_line' id='line_1_28' title="bbox 156 3481 1207 3557; baseline -0.009 -14"><span class='ocrx_word' id='word_1_219' title='bbox 156 3487 265 3542; x_wconf 87' lang='lat' dir='ltr'><strong>“terii</strong></span> <span class='ocrx_word' id='word_1_220' title='bbox 291 3486 392 3543; x_wconf 85' lang='lat' dir='ltr'><strong>Sancti</strong></span> <span class='ocrx_word' id='word_1_221' title='bbox 416 3487 534 3549; x_wconf 86' lang='lat' dir='ltr'><strong>Albani,</strong></span> <span class='ocrx_word' id='word_1_222' title='bbox 566 3486 720 3557; x_wconf 82' lang='lat' dir='ltr'><strong>ipsiusque</strong></span> <span class='ocrx_word' id='word_1_223' title='bbox 746 3485 965 3539; x_wconf 85' lang='lat' dir='ltr'><strong>successoribus</strong></span> <span class='ocrx_word' id='word_1_224' title='bbox 999 3481 1137 3537; x_wconf 88' lang='lat' dir='ltr'><strong>canonice</strong></span> <span class='ocrx_word' id='word_1_225' title='bbox 1164 3481 1207 3535; x_wconf 79' lang='lat' dir='ltr'><strong>irr-</strong></span> 
     </span>
     <span class='ocr_line' id='line_1_29' title="bbox 159 3566 1208 3639; baseline -0.008 -14"><span class='ocrx_word' id='word_1_226' title='bbox 159 3572 178 3597; x_wconf 87' lang='lat'><strong>&#39;‘</strong></span> <span class='ocrx_word' id='word_1_227' title='bbox 197 3569 353 3635; x_wconf 73' lang='lat' dir='ltr'><strong>crantibus,</strong></span> <span class='ocrx_word' id='word_1_228' title='bbox 386 3575 415 3624; x_wconf 91' lang='lat' dir='ltr'><strong>et</strong></span> <span class='ocrx_word' id='word_1_229' title='bbox 440 3569 656 3624; x_wconf 86' lang='lat' dir='ltr'><strong>Archidiacono</strong></span> <span class='ocrx_word' id='word_1_230' title='bbox 685 3569 858 3623; x_wconf 86' lang='lat' dir='ltr'><strong>Monastcrii</strong></span> <span class='ocrx_word' id='word_1_231' title='bbox 888 3566 1065 3639; x_wconf 87' lang='lat' dir='ltr'><strong>supradieti;</strong></span> <span class='ocrx_word' id='word_1_232' title='bbox 1097 3582 1208 3619; x_wconf 90' lang='lat' dir='ltr'><strong>necnon</strong></span> 
     </span>
     <span class='ocr_line' id='line_1_30' title="bbox 159 3647 1205 3724; baseline -0.006 -17"><span class='ocrx_word' id='word_1_233' title='bbox 159 3654 180 3680; x_wconf 91' lang='lat'><strong>“</strong></span> <span class='ocrx_word' id='word_1_234' title='bbox 199 3658 230 3707; x_wconf 87' lang='lat' dir='ltr'><strong>ct</strong></span> <span class='ocrx_word' id='word_1_235' title='bbox 254 3652 402 3724; x_wconf 88' lang='lat' dir='ltr'><strong>Magistro</strong></span> <span class='ocrx_word' id='word_1_236' title='bbox 426 3653 602 3724; x_wconf 88' lang='lat' dir='ltr'><strong>Hospitalis,</strong></span> <span class='ocrx_word' id='word_1_237' title='bbox 634 3654 666 3707; x_wconf 93' lang='lat' dir='ltr'><strong>in</strong></span> <span class='ocrx_word' id='word_1_238' title='bbox 695 3652 787 3707; x_wconf 86' lang='lat' dir='ltr'><strong>licitis</strong></span> <span class='ocrx_word' id='word_1_239' title='bbox 815 3658 844 3706; x_wconf 87' lang='lat' dir='ltr'><strong>et</strong></span> <span class='ocrx_word' id='word_1_240' title='bbox 874 3651 1021 3706; x_wconf 88' lang='lat' dir='ltr'><strong>canonicis</strong></span> <span class='ocrx_word' id='word_1_241' title='bbox 1051 3647 1205 3703; x_wconf 86' lang='lat' dir='ltr'><strong>mandatis.</strong></span> 
     </span>
     <span class='ocr_line' id='line_1_31' title="bbox 160 3733 1207 3801; baseline -0.004 -11"><span class='ocrx_word' id='word_1_242' title='bbox 160 3734 333 3800; x_wconf 74' lang='lat' dir='ltr'><strong>“Furtum</strong></span> <span class='ocrx_word' id='word_1_243' title='bbox 365 3755 417 3792; x_wconf 89' lang='lat' dir='ltr'><strong>seu</strong></span> <span class='ocrx_word' id='word_1_244' title='bbox 444 3736 646 3801; x_wconf 86' lang='lat' dir='ltr'><strong>homicidium,</strong></span> <span class='ocrx_word' id='word_1_245' title='bbox 673 3755 730 3792; x_wconf 92' lang='lat' dir='ltr'><strong>non</strong></span> <span class='ocrx_word' id='word_1_246' title='bbox 753 3737 944 3793; x_wconf 89' lang='lat' dir='ltr'><strong>committam.</strong></span> <span class='ocrx_word' id='word_1_247' title='bbox 980 3735 1100 3790; x_wconf 78' lang='lat' dir='ltr'><strong>Crimen</strong></span> <span class='ocrx_word' id='word_1_248' title='bbox 1124 3733 1207 3787; x_wconf 84' lang='lat' dir='ltr'><strong>fratri</strong></span> 
     </span>
     <span class='ocr_line' id='line_1_32' title="bbox 160 3818 1207 3893; baseline -0.005 -20"><span class='ocrx_word' id='word_1_249' title='bbox 160 3821 181 3849; x_wconf 86' lang='lat'><strong>“</strong></span> <span class='ocrx_word' id='word_1_250' title='bbox 199 3819 325 3892; x_wconf 86' lang='lat' dir='ltr'><strong>leproso,</strong></span> <span class='ocrx_word' id='word_1_251' title='bbox 345 3838 399 3876; x_wconf 89' lang='lat' dir='ltr'><strong>seu</strong></span> <span class='ocrx_word' id='word_1_252' title='bbox 418 3821 578 3893; x_wconf 88' lang='lat' dir='ltr'><strong>capellano,</strong></span> <span class='ocrx_word' id='word_1_253' title='bbox 599 3824 735 3892; x_wconf 87' lang='lat' dir='ltr'><strong>nequiter</strong></span> <span class='ocrx_word' id='word_1_254' title='bbox 753 3839 811 3876; x_wconf 91' lang='lat' dir='ltr'><strong>non</strong></span> <span class='ocrx_word' id='word_1_255' title='bbox 829 3822 985 3891; x_wconf 88' lang='lat' dir='ltr'><strong>imponam.</strong></span> <span class='ocrx_word' id='word_1_256' title='bbox 1032 3819 1069 3873; x_wconf 93' lang='lat' dir='ltr'><strong>In</strong></span> <span class='ocrx_word' id='word_1_257' title='bbox 1087 3818 1207 3871; x_wconf 83' lang='lat' dir='ltr'><strong>fratrem</strong></span> 
     </span>
     <span class='ocr_line' id='line_1_33' title="bbox 160 3900 1206 3977; baseline -0.007 -18"><span class='ocrx_word' id='word_1_258' title='bbox 160 3907 179 3932; x_wconf 80' lang='lat'><strong>‘⁶</strong></span> <span class='ocrx_word' id='word_1_259' title='bbox 199 3903 271 3960; x_wconf 88' lang='lat' dir='ltr'><strong>dicti</strong></span> <span class='ocrx_word' id='word_1_260' title='bbox 298 3904 452 3977; x_wconf 85' lang='lat' dir='ltr'><strong>hospitalis</strong></span> <span class='ocrx_word' id='word_1_261' title='bbox 480 3923 583 3961; x_wconf 87' lang='lat' dir='ltr'><strong>manus</strong></span> <span class='ocrx_word' id='word_1_262' title='bbox 601 3924 659 3961; x_wconf 90' lang='lat' dir='ltr'><strong>uon</strong></span> <span class='ocrx_word' id='word_1_263' title='bbox 684 3906 813 3976; x_wconf 87' lang='lat' dir='ltr'><strong>injiciam</strong></span> <span class='ocrx_word' id='word_1_264' title='bbox 831 3905 983 3960; x_wconf 88' lang='lat' dir='ltr'><strong>violentas.</strong></span> <span class='ocrx_word' id='word_1_265' title='bbox 1021 3900 1127 3956; x_wconf 83' lang='lat' dir='ltr'><strong>Castus</strong></span> <span class='ocrx_word' id='word_1_266' title='bbox 1146 3917 1206 3954; x_wconf 86' lang='lat' dir='ltr'><strong>ero.</strong></span> 
     </span>
    </p>

    <p class='ocr_par' dir='ltr' id='par_1_7' title="bbox 120 3983 1208 4479">
     <span class='ocr_line' id='line_1_34' title="bbox 120 3983 1206 4061; baseline -0.008 -17"><span class='ocrx_word' id='word_1_267' title='bbox 120 4020 131 4039; x_wconf 68' lang='lat' dir='ltr'><strong><em>s</em></strong></span> <span class='ocrx_word' id='word_1_268' title='bbox 159 3985 321 4045; x_wconf 85' lang='lat' dir='ltr'><strong>“Secreta</strong></span> <span class='ocrx_word' id='word_1_269' title='bbox 359 3990 513 4061; x_wconf 86' lang='lat' dir='ltr'><strong>hospitalis</strong></span> <span class='ocrx_word' id='word_1_270' title='bbox 550 3990 660 4045; x_wconf 89' lang='lat' dir='ltr'><strong>nemini</strong></span> <span class='ocrx_word' id='word_1_271' title='bbox 693 3989 840 4044; x_wconf 85' lang='lat' dir='ltr'><strong>revelabo.</strong></span> <span class='ocrx_word' id='word_1_272' title='bbox 898 3986 1096 4043; x_wconf 83' lang='lat' dir='ltr'><strong>Commissum</strong></span> <span class='ocrx_word' id='word_1_273' title='bbox 1133 3983 1206 4037; x_wconf 88' lang='lat' dir='ltr'><strong>mihi</strong></span> 
     </span>
     <span class='ocr_line' id='line_1_35' title="bbox 158 4066 1207 4144; baseline -0.007 -17"><span class='ocrx_word' id='word_1_274' title='bbox 158 4075 179 4100; x_wconf 90' lang='lat'><strong>“</strong></span> <span class='ocrx_word' id='word_1_275' title='bbox 198 4074 351 4143; x_wconf 86' lang='lat' dir='ltr'><strong>negotium</strong></span> <span class='ocrx_word' id='word_1_276' title='bbox 378 4074 450 4128; x_wconf 92' lang='lat' dir='ltr'><strong>dicti</strong></span> <span class='ocrx_word' id='word_1_277' title='bbox 476 4073 642 4144; x_wconf 87' lang='lat' dir='ltr'><strong>hospitalis,</strong></span> <span class='ocrx_word' id='word_1_278' title='bbox 669 4073 755 4141; x_wconf 85' lang='lat' dir='ltr'><strong>juxta</strong></span> <span class='ocrx_word' id='word_1_279' title='bbox 784 4070 990 4125; x_wconf 88' lang='lat' dir='ltr'><strong>discretionem</strong></span> <span class='ocrx_word' id='word_1_280' title='bbox 1009 4067 1081 4122; x_wconf 91' lang='lat' dir='ltr'><strong>mihi</strong></span> <span class='ocrx_word' id='word_1_281' title='bbox 1108 4084 1126 4121; x_wconf 91' lang='lat' dir='ltr'><strong>a</strong></span> <span class='ocrx_word' id='word_1_282' title='bbox 1144 4066 1207 4120; x_wconf 89' lang='lat' dir='ltr'><strong>Deo</strong></span> 
     </span>
     <span class='ocr_line' id='line_1_36' title="bbox 157 4150 1206 4228; baseline -0.008 -17"><span class='ocrx_word' id='word_1_283' title='bbox 157 4159 176 4183; x_wconf 90' lang='lat'><strong>“</strong></span> <span class='ocrx_word' id='word_1_284' title='bbox 196 4155 303 4221; x_wconf 88' lang='lat' dir='ltr'><strong>datam,</strong></span> <span class='ocrx_word' id='word_1_285' title='bbox 325 4156 450 4212; x_wconf 88' lang='lat' dir='ltr'><strong>sollicite</strong></span> <span class='ocrx_word' id='word_1_286' title='bbox 470 4175 606 4228; x_wconf 84' lang='lat' dir='ltr'><strong>exequar,</strong></span> <span class='ocrx_word' id='word_1_287' title='bbox 627 4156 737 4224; x_wconf 87' lang='lat' dir='ltr'><strong>absque</strong></span> <span class='ocrx_word' id='word_1_288' title='bbox 757 4153 869 4207; x_wconf 71' lang='lat' dir='ltr'><strong>frande,</strong></span> <span class='ocrx_word' id='word_1_289' title='bbox 912 4151 1017 4223; x_wconf 89' lang='lat' dir='ltr'><strong>Opere,</strong></span> <span class='ocrx_word' id='word_1_290' title='bbox 1038 4151 1138 4212; x_wconf 87' lang='lat' dir='ltr'><strong>verbo,</strong></span> <span class='ocrx_word' id='word_1_291' title='bbox 1158 4150 1206 4204; x_wconf 85' lang='lat' dir='ltr'><strong>rel</strong></span> 
     </span>
     <span class='ocr_line' id='line_1_37' title="bbox 156 4232 1207 4310; baseline -0.008 -16"><span class='ocrx_word' id='word_1_292' title='bbox 156 4241 175 4266; x_wconf 92' lang='lat'>“</span> <span class='ocrx_word' id='word_1_293' title='bbox 195 4238 253 4294; x_wconf 90' lang='lat' dir='ltr'><strong>alio</strong></span> <span class='ocrx_word' id='word_1_294' title='bbox 273 4239 493 4310; x_wconf 88' lang='lat' dir='ltr'><strong>quovismodo,</strong></span> <span class='ocrx_word' id='word_1_295' title='bbox 513 4259 572 4295; x_wconf 91' lang='lat' dir='ltr'><strong>non</strong></span> <span class='ocrx_word' id='word_1_296' title='bbox 590 4238 771 4294; x_wconf 88' lang='lat' dir='ltr'><strong>consentiam</strong></span> <span class='ocrx_word' id='word_1_297' title='bbox 795 4235 874 4307; x_wconf 90' lang='lat' dir='ltr'><strong>quod</strong></span> <span class='ocrx_word' id='word_1_298' title='bbox 899 4234 975 4290; x_wconf 87' lang='lat' dir='ltr'><strong>alius</strong></span> <span class='ocrx_word' id='word_1_299' title='bbox 1003 4234 1042 4289; x_wconf 87' lang='lat' dir='ltr'><strong>sit</strong></span> <span class='ocrx_word' id='word_1_300' title='bbox 1061 4232 1207 4303; x_wconf 87' lang='lat' dir='ltr'><strong>Magister</strong></span> 
     </span>
     <span class='ocr_line' id='line_1_38' title="bbox 159 4316 1207 4396; baseline -0.008 -18"><span class='ocrx_word' id='word_1_301' title='bbox 159 4325 178 4350; x_wconf 79' lang='lat'><strong>‘⁴</strong></span> <span class='ocrx_word' id='word_1_302' title='bbox 198 4322 269 4379; x_wconf 87' lang='lat' dir='ltr'><strong>dicti</strong></span> <span class='ocrx_word' id='word_1_303' title='bbox 288 4324 443 4396; x_wconf 88' lang='lat' dir='ltr'><strong>hospitalia</strong></span> <span class='ocrx_word' id='word_1_304' title='bbox 463 4342 551 4396; x_wconf 89' lang='lat' dir='ltr'><strong>qnam</strong></span> <span class='ocrx_word' id='word_1_305' title='bbox 573 4323 624 4378; x_wconf 90' lang='lat' dir='ltr'><strong>ille</strong></span> <span class='ocrx_word' id='word_1_306' title='bbox 650 4339 736 4394; x_wconf 90' lang='lat' dir='ltr'><strong>quem</strong></span> <span class='ocrx_word' id='word_1_307' title='bbox 755 4320 898 4375; x_wconf 91' lang='lat' dir='ltr'><strong>Dominus</strong></span> <span class='ocrx_word' id='word_1_308' title='bbox 917 4318 1016 4373; x_wconf 81' lang='lat' dir='ltr'><strong>Abbas</strong></span> <span class='ocrx_word' id='word_1_309' title='bbox 1035 4316 1207 4372; x_wconf 88' lang='lat' dir='ltr'><strong>Monastcrii</strong></span> 
     </span>
     <span class='ocr_line' id='line_1_39' title="bbox 160 4400 1208 4479; baseline -0.007 -17"><span class='ocrx_word' id='word_1_310' title='bbox 160 4409 179 4435; x_wconf 80' lang='lat'><strong>‘⁸</strong></span> <span class='ocrx_word' id='word_1_311' title='bbox 200 4405 302 4463; x_wconf 82' lang='lat' dir='ltr'><strong>Sancti</strong></span> <span class='ocrx_word' id='word_1_312' title='bbox 320 4407 428 4463; x_wconf 86' lang='lat' dir='ltr'><strong>Albani</strong></span> <span class='ocrx_word' id='word_1_313' title='bbox 447 4407 614 4479; x_wconf 67' lang='lat' dir='ltr'><strong>praefecerit</strong></span> <span class='ocrx_word' id='word_1_314' title='bbox 632 4407 662 4460; x_wconf 92' lang='lat' dir='ltr'><strong>in</strong></span> <span class='ocrx_word' id='word_1_315' title='bbox 680 4404 869 4475; x_wconf 78' lang='lat' dir='ltr'><strong>Magistrum,</strong></span> <span class='ocrx_word' id='word_1_316' title='bbox 890 4421 941 4457; x_wconf 86' lang='lat' dir='ltr'><strong>scu</strong></span> <span class='ocrx_word' id='word_1_317' title='bbox 961 4402 1039 4472; x_wconf 89' lang='lat' dir='ltr'><strong>quod</strong></span> <span class='ocrx_word' id='word_1_318' title='bbox 1064 4400 1152 4456; x_wconf 87' lang='lat' dir='ltr'><strong>alicui</strong></span> <span class='ocrx_word' id='word_1_319' title='bbox 1172 4400 1208 4455; x_wconf 88' lang='lat' dir='ltr'><strong>dc</strong></span> 
     </span>
    </p>
   </div>
   <div class='ocr_carea' id='block_1_7' title="bbox 654 4537 1205 4552">
    <p class='ocr_par' dir='ltr' id='par_1_8' title="bbox 654 4537 1205 4552">
     <span class='ocr_line' id='line_1_40' title="bbox 654 4537 1205 4552; baseline -0.011 -2"><span class='ocrx_word' id='word_1_320' title='bbox 654 4546 681 4552; x_wconf 74' lang='grc'><strong>.-</strong></span> <span class='ocrx_word' id='word_1_321' title='bbox 692 4546 722 4550; x_wconf 77' lang='grc'><strong>,.-</strong></span> <span class='ocrx_word' id='word_1_322' title='bbox 730 4545 751 4549; x_wconf 79' lang='grc'><strong>--</strong></span> <span class='ocrx_word' id='word_1_323' title='bbox 759 4542 847 4549; x_wconf 80' lang='grc'><em>.---.</em></span> <span class='ocrx_word' id='word_1_324' title='bbox 854 4537 1205 4548; x_wconf 45' lang='lat' dir='ltr'><strong>--a———ffl</strong></span> 
     </span>
    </p>
   </div>
   <div class='ocr_carea' id='block_1_8' title="bbox 511 4621 1075 4762">
    <p class='ocr_par' dir='ltr' id='par_1_9' title="bbox 511 4621 1075 4762">
     <span class='ocr_line' id='line_1_41' title="bbox 511 4621 778 4690; baseline -0.004 -18"><span class='ocrx_word' id='word_1_325' title='bbox 511 4624 517 4655; x_wconf 90' lang='lat'>¹</span> <span class='ocrx_word' id='word_1_326' title='bbox 533 4623 672 4690; x_wconf 71' lang='lat' dir='ltr'><strong>repellenate</strong></span> <span class='ocrx_word' id='word_1_327' title='bbox 682 4622 709 4672; x_wconf 91' lang='lat' dir='ltr'><strong>in</strong></span> <span class='ocrx_word' id='word_1_328' title='bbox 723 4621 778 4672; x_wconf 85' lang='lat' dir='ltr'><strong>MS.</strong></span> 
     </span>
     <span class='ocr_line' id='line_1_42' title="bbox 1024 4714 1075 4762; baseline 0 0"><span class='ocrx_word' id='word_1_329' title='bbox 1024 4714 1037 4762; x_wconf 91' lang='lat'>1</span> <span class='ocrx_word' id='word_1_330' title='bbox 1062 4715 1075 4762; x_wconf 95' lang='lat' dir='ltr'><strong>l</strong></span> 
     </span>
    </p>
   </div>
   <div class='ocr_carea' id='block_1_9' title="bbox 0 0 1524 5452">
    <p class='ocr_par' dir='ltr' id='par_1_10' title="bbox 0 0 1524 5452">
     <span class='ocr_line' id='line_1_43' title="bbox 0 0 1524 5452; baseline 0 0"><span class='ocrx_word' id='word_1_331' title='bbox 0 0 1524 5452; x_wconf 95' lang='lat' dir='ltr'><strong> </strong></span> 
     </span>
    </p>
   </div>
  </div>
 </body>
</html>
