3038 5452
480 663 658 715 uranum
683 653 742 735 (a.)
1071 636 1156 715 sst'

86 855 106 881 “
126 852 261 908 volumus
280 858 311 907 et
328 852 516 922 pracipinus,
537 852 614 924 quod
633 852 744 924 singuli
763 851 930 909 sacerdotes
948 853 1021 908 dicti
1038 853 1136 924 hospi·

87 939 107 963 ⁴‘
126 935 194 992 talis
212 935 245 990 in
262 935 417 991 Matutinis
443 935 544 1000 Horis,
564 935 677 1001 Missis,
697 935 849 1007 Vesperis,
869 942 900 991 et
918 935 1135 1008 (lompletoriis,

87 1022 108 1048 “
127 1020 159 1075 in
176 1018 255 1075 dicta
273 1019 407 1085 ecelesia,
420 1026 455 1075 ut
466 1019 656 1090 praemittitur
674 1025 705 1075 et
722 1019 921 1091 subsequitur,
941 1020 1135 1086 celebrandis,

89 1107 110 1132 ‘⁴
128 1103 321 1176 personaliter
333 1104 479 1169 intersint,
499 1110 530 1160 et
541 1103 672 1160 divinum
693 1104 819 1159 officium
831 1109 982 1176 peragant,
994 1112 1136 1177 quatenus

89 1190 109 1215 “
128 1188 207 1259 ipsos
229 1189 407 1258 conjunctim
428 1188 538 1258 attigit,
558 1194 588 1242 et
606 1187 735 1254 divisim,
754 1188 812 1245 nisi
832 1188 933 1260 aliqua
956 1206 1046 1245 causa
1062 1191 1133 1246 rati·

89 1273 109 1299 ‘⁸
129 1272 251 1327 cnabilis
264 1290 313 1327 eos
326 1291 344 1327 a
355 1273 517 1344 praemissis
536 1270 699 1327 reddiderit
712 1276 874 1329 excusatos.
910 1271 1004 1343 Quam
1017 1273 1137 1345 quidem

89 1357 109 1383 “
128 1372 245 1412 causam
269 1355 425 1427 Magistro,
449 1375 511 1421 seu,
531 1372 566 1411 eo
585 1360 692 1428 agente
719 1357 752 1412 in
777 1357 909 1423 remotis,
931 1357 981 1415 rel
1006 1358 1134 1422 absente,

88 1441 108 1466 “
126 1440 220 1510 ipsius
238 1439 338 1495 locum
356 1440 479 1503 tenenti,
500 1445 551 1494 aut
570 1439 674 1495 saltem
698 1440 937 1506 hebdomadario,
956 1446 991 1497 ut
1007 1443 1136 1514 praemit

88 1526 107 1550 “
126 1524 208 1588 titur,
224 1523 360 1596 impediti
379 1524 543 1596 exprimere
562 1527 724 1580 teneantur.
756 1524 820 1582 Neo
839 1526 928 1581 choro
946 1532 1051 1581 exeant
1069 1531 1135 1582 ante

88 1610 108 1634 ¹‘
127 1607 258 1664 divinum
282 1609 409 1662 officium
426 1609 603 1679 completum
621 1626 674 1679 pro
693 1615 834 1678 tempore,
861 1611 923 1664 sine
941 1609 1035 1681 ipsius
1054 1610 1134 1665 chori

84 1693 104 1732 §⁴
122 1693 244 1748 rectoris
262 1693 382 1747 licentia
395 1692 526 1763 speciali.
564 1692 650 1746 Hanc
669 1698 767 1747 tamen
786 1693 958 1748 ortationem
970 1694 1008 1748 ud
1020 1694 1131 1765 Magis-

84 1777 201 1830 “trum
228 1775 401 1846 Hospitalis,
432 1793 520 1848 quem
546 1780 661 1846 oportet
686 1793 722 1829 ex
747 1776 834 1830 officii
861 1776 908 1831 sui
935 1777 1134 1834 sollicitudine

85 1862 105 1886 ‘⁶
125 1859 202 1915 oiroa
219 1860 347 1930 plurima
364 1860 510 1930 occupari,
530 1859 666 1915 volumus
684 1876 743 1914 non
760 1859 885 1915 extendi.

223 2047 265 2114 Ut
289 2047 546 2134 Beacfoctoram
564 2045 633 2133 fiat
656 2045 823 2113 owrwrio
842 2044 1009 2134 specialia

121 2205 139 2227 “
156 2200 347 2271 Praecipimus
373 2201 451 2272 quod
476 2199 600 2271 quilibet
624 2200 759 2256 sacerdos
778 2200 849 2255 dicti
869 2200 1032 2272 hospitalis,
1059 2219 1131 2272 quos

85 2286 104 2310 ‘⁶
123 2284 161 2339 ad
172 2284 360 2340 celebrandas
372 2284 481 2340 Missas
500 2284 627 2355 singulis
640 2283 743 2340 diebus
761 2284 889 2341 humano
900 2302 983 2340 more
995 2284 1131 2341 volumus

84 2370 103 2394 “
123 2367 259 2438 obligari,
279 2386 332 2438 pro
349 2368 584 2423 benefactoribus
602 2366 680 2423 vivis
699 2374 729 2423 et
746 2368 893 2423 defunctis
912 2367 985 2423 dicti
1008 2367 1125 2423 Menas·

83 2455 102 2479 “
121 2453 189 2507 terii
201 2459 232 2507 et
242 2453 397 2525 hospitalis
410 2452 553 2525 predicti,
568 2451 599 2506 in
611 2451 704 2507 Missa
713 2470 775 2517 sua,
790 2451 913 2507 dicendo
923 2451 1129 2516 Oollectam,-

82 2539 101 2564 ‘¹
122 2535 344 2608 ‘Omnipotens
372 2538 548 2609 sempiterne
576 2535 667 2601 Deus,
688 2536 749 2608 qui,
769 2541 795 2591 et
818 2536 938 2602 maras
957 2537 1130 2592 memoriam

83 2622 102 2647 “
122 2620 214 2675 faciat
238 2622 405 2693 specialem.
440 2621 477 2675 In
502 2621 558 2674 fine
586 2621 676 2675 etiam
695 2618 805 2675 ¹Nonae
832 2626 863 2677 et
888 2620 1082 2692 Complatorii
1100 2621 1130 2674 in

81 2707 100 2733 ‘¹
118 2706 250 2771 ecclesia,
273 2724 306 2760 ao
319 2706 485 2776 gratiarum
502 2706 535 2759 in
552 2722 663 2768 mensa,
682 2702 862 2770 ²diotarum,
882 2704 962 2761 dicat
972 2705 1129 2761 hebdoma-

84 2793 103 2817 “
122 2789 232 2856 darius,
246 2791 294 2844 vel
313 2789 388 2845 aliua
399 2790 479 2845 vices
493 2806 599 2860 gerens
612 2789 803 2857 ejusdem,-‘
814 2788 930 2844 Animae
942 2789 1034 2860 Regis
1047 2787 1128 2853 Offae,

83 2877 102 2903 ‘⁴
123 2879 174 2929 ‘et
202 2876 332 2931 omnium
362 2875 580 2930 benefactorum
610 2873 782 2930 Monasterii
816 2872 917 2929 Sancti
945 2872 1063 2938 Albani,
1101 2879 1131 2928 et

82 2962 102 2986 “
123 2963 320 3024 ‘nostrorum
339 2975 392 3030 per
411 2957 468 3013 Dei
479 2957 723 3023 misericordiam,
741 2957 930 3029 requiescant
947 2956 979 3011 in
996 2956 1086 3028 pace!

301 3131 350 3195 Dc
371 3129 527 3196 antece
550 3128 692 3216 lepcodc
714 3127 757 3194 ia
778 3148 906 3194 mmo.

116 3277 187 3332 “Ut
203 3277 309 3333 frames
329 3276 507 3342 sacerdotes,
526 3276 597 3331 dum
615 3276 647 3332 in
664 3293 765 3331 mensa
782 3275 893 3330 fuerint
912 3270 1125 3339 ³considentes,

82 3363 101 3390 ‘⁴
120 3361 228 3417 nedum
252 3380 418 3434 corporum,
439 3361 492 3417 sed
517 3362 607 3416 etiam
628 3360 801 3424 animarum
822 3358 941 3430 capiant
966 3357 1125 3425 alimenta;

80 3447 100 3473 ‘⁸
118 3445 305 3517 precipimus
330 3446 410 3516 quod
433 3444 505 3498 dum
528 3446 635 3500 fratres
660 3442 827 3499 sacerdotes
846 3442 877 3497 in
894 3459 997 3497 mensa
1015 3441 1128 3498 fuerint

79 3530 99 3556 “
118 3529 297 3602 cougregati,
310 3530 392 3602 legat
410 3547 486 3584 unus
497 3528 645 3584 litteratus
657 3545 756 3583 coram
774 3526 828 3592 eis,
841 3544 895 3598 per
912 3525 1032 3600 aliquod
1049 3543 1126 3584 oom-

79 3616 218 3686 “petens
246 3615 385 3685 temporis
412 3613 550 3685 spatium,
570 3618 621 3668 aut
644 3611 681 3667 de
708 3611 815 3677 Biblia,
835 3617 887 3668 aut
911 3611 948 3666 de
975 3610 1128 3685 Scriptura

79 3699 99 3725 “
118 3715 201 3755 secra
217 3698 284 3764 elia,
304 3698 478 3764 lectionem3
498 3715 587 3769 quam
605 3697 677 3752 dum
694 3695 726 3751 in
743 3694 869 3767 legendo
886 3694 987 3762 fuerit,
1006 3696 1124 3761 stamas,

78 3783 98 3809 ‘⁶
118 3781 267 3839 silentium
285 3781 419 3846 tenendo,
440 3787 550 3838 attente
568 3781 689 3839 audiant
707 3785 738 3836 et
755 3780 931 3838 auscultent

176 3951 227 4017 aa
248 3947 516 4017 remeare-sa
538 3949 646 4016 wara
667 3947 819 4032 ecca
833 3947 1019 4033 faeere.

108 4110 339 4175 “Decrevimus,
365 4109 509 4173 volumus,
530 4125 564 4163 ac
589 4107 678 4162 etiam
710 4106 891 4173 ordinamus,
913 4105 991 4177 quod
1017 4105 1123 4163 fratres

73 4196 92 4222 “
111 4195 276 4252 sacerdotes
302 4194 384 4250 annis
410 4192 535 4263 singulis
563 4190 654 4262 Regis
681 4189 763 4255 offa,
792 4186 957 4260 G[aufridi]
988 4187 1121 4252 Abbatis,

73 4280 93 4306 “
112 4279 215 4336 diebus
241 4281 337 4335 obitus
363 4277 531 4340 eorundem,
553 4282 583 4331 et
600 4280 743 4338 nostrum,
764 4294 797 4330 ac
822 4274 961 4344 Magistri
980 4273 1122 4329 Johannis

107 4509 114 4538 ¹
127 4505 196 4558 Noni
207 4506 232 4555 in
245 4504 301 4555 MS.
314 4502 436 4555 Claudius
447 4501 477 4553 R
492 4500 525 4551 iv.
647 4499 657 4529 ³
668 4497 821 4548 medestae
830 4497 858 4546 iu
866 4497 909 4548 the
920 4496 997 4549 MSS.

105 4586 243 4638 'dictorum
253 4587 281 4636 iu
291 4587 334 4635 the
345 4585 422 4636 MSS.
