3038 5452
414 713 625 765 aornsrserr
647 713 769 764 serrem
791 713 926 765 Arinem.
1139 699 1203 764 349

157 912 173 937 “
196 901 242 969 Et
264 901 346 966 dicit
369 901 516 979 ulterius,
540 901 630 987 quod
656 901 727 987 ipse
753 905 854 977 tenet,
887 905 922 964 et
953 899 1204 985 praedecessores
1239 909 1356 972 Miemo,

156 1013 174 1039 “
195 1005 255 1081 sui,
278 1005 427 1069 Abbates
450 1005 512 1069 loci
534 1003 692 1089 praedicti,
716 1025 737 1068 a
759 1009 905 1088 tempore
932 1024 998 1088 quo
1020 1023 1087 1067 non
1109 1007 1204 1067 extat
1247 977 1345 1105 ffit,

156 1115 175 1140 “
196 1107 364 1183 memoria,
382 1111 573 1183 tenuerunt,
588 1104 748 1192 praedicta
762 1105 910 1170 maneria
925 1104 966 1169 de
981 1104 1154 1191 Byggyng,
1170 1108 1206 1168 et
1263 1111 1330 1161 Μ).

157 1217 174 1243 “
198 1208 465 1286 Grenesborowe,
488 1213 523 1274 et
545 1207 747 1294 Wynslowe,
768 1207 806 1271 in
835 1207 984 1285 liberam,
1014 1229 1140 1296 puram,
1170 1209 1206 1272 et
1237 1182 1356 1285 ”ff-⁴⁹·

157 1318 389 1397 “perpetuam
412 1312 663 1395 eleemosynam,
686 1331 813 1394 semper
842 1310 1001 1375 hactenus
1030 1310 1143 1395 quieta
1172 1314 1207 1373 et

157 1421 174 1447 “
197 1417 376 1478 exonerata
398 1413 439 1478 de
458 1433 653 1499 quocunque
676 1412 812 1476 militari
839 1434 877 1476 ac
893 1411 1041 1478 saeculari
1062 1410 1205 1490 servitio

157 1522 175 1549 “
197 1520 233 1580 et
265 1513 389 1578 auxilio
424 1514 469 1578 ad
502 1514 759 1600 primogenitum
791 1514 900 1579 filium
934 1515 1034 1601 Regis
1066 1514 1206 1579 militem

157 1624 175 1651 “
196 1615 392 1694 faciendum,
418 1637 475 1680 seu
506 1615 742 1702 primogenitas
766 1616 851 1680 filias
878 1638 954 1681 suas
980 1616 1207 1694 maritandas3

157 1727 175 1753 “
198 1723 419 1806 praeterquam
436 1718 477 1783 de
499 1718 665 1803 praedictis
681 1723 815 1783 centum
840 1718 961 1797 solidis,
976 1725 1016 1784 ut
1030 1719 1206 1806 praemitti-

157 1830 175 1856 “
197 1825 262 1898 tur,
286 1821 476 1907 perdonetis
488 1845 497 1901 ;
520 1828 554 1886 et
577 1820 637 1885 hoc
659 1820 814 1886 similiter
828 1821 1006 1906 praetendit
1028 1821 1206 1898 verificare,

157 1932 174 1958 “
198 1930 228 1988 et
255 1929 378 1988 coetero.
425 1923 470 1987 Et
493 1923 586 2008 petit,
611 1928 650 1988 ut
672 1922 763 2008 prius
788 1929 818 1987 ct
848 1928 972 1999 coetera,
998 1919 1208 2009 ¹inquiratur

158 2034 175 2060 ‘¹
197 2025 285 2102 inde,
307 2029 485 2110 antequam
508 2031 538 2089 ct
560 2031 684 2091 coetcra.
731 2025 776 2089 Et
802 2029 1003 2112 praeceptum
1034 2029 1084 2090 est
1115 2025 1208 2092 Vice-

161 2136 177 2162 “
200 2128 312 2193 comiti
328 2127 416 2214 quod
432 2127 546 2192 venire
568 2127 670 2192 faciat
691 2127 745 2191 hic
767 2148 788 2191 a
810 2127 864 2192 die
887 2126 1018 2193 Sanctae
1033 2127 1208 2193 Trinitatis

161 2239 177 2265 ‘⁸
200 2230 236 2295 in
258 2230 446 2314 quindecim
469 2229 539 2295 dies
562 2229 733 2294 duodecim
756 2236 785 2294 et
808 2236 932 2307 coetcrcc
948 2231 989 2295 de
1011 2231 1141 2297 visneto
1168 2231 1209 2296 de

161 2340 178 2366 “
201 2331 376 2419 Byggyng,
401 2331 647 2410 Grenesborow,
679 2336 713 2395 et
744 2331 943 2415 Wynslowe,
966 2355 1106 2419 quorum
1136 2334 1209 2420 qui·

161 2443 178 2468 “
200 2433 283 2498 libet
305 2439 335 2498 et
357 2439 482 2511 cartoro,
499 2455 558 2519 per
573 2455 654 2519 quos
677 2439 708 2497 et
730 2439 855 2513 scauro,
870 2434 927 2519 qui
950 2456 1011 2500 nec
1034 2441 1064 2500 et
1085 2442 1210 2517 coetcro,

164 2545 181 2569 “
204 2535 248 2600 ad
262 2534 558 2622 recognoscendum
573 2542 603 2600 et
618 2541 740 2601 coetero.
786 2535 832 2599 Et
847 2537 935 2601 idem
957 2537 1027 2602 dies
1049 2537 1147 2604 datus
1160 2545 1211 2605 est

165 2646 181 2672 ‘¹
203 2631 342 2725 praefato
364 2637 500 2714 Abbati,
524 2641 558 2702 et
581 2638 715 2703 interim
737 2644 903 2724 respectus
925 2646 954 2703 ct
976 2645 1098 2706 coeterc

208 2741 295 2806 “Ad
327 2762 424 2826 quem
456 2739 543 2805 diem
574 2739 752 2825 praedictus
781 2740 904 2818 Abbas,
928 2763 985 2827 per
1015 2743 1210 2830 praedictum

165 2852 181 2878 “
203 2847 409 2908 attomatum
431 2863 536 2918 suum,
567 2843 670 2908 venit.
730 2843 776 2908 Et
809 2843 992 2909 Vicecomes
1014 2866 1082 2911 non
1108 2852 1211 2912 retor-

165 2953 181 2979 “
203 2945 300 3010 navit
323 2945 428 3010 breve.
492 2943 572 3009 Ideo
599 2943 697 3009 datus
724 2949 775 3009 est
806 2945 876 3011 dies
906 2946 1046 3011 ulterius
1076 2948 1211 3034 praefato

165 3055 182 3081 “
202 3047 336 3126 Abbati,
367 3069 470 3133 usque
500 3047 543 3111 ad
566 3047 653 3113 diem
691 3046 806 3112 Sancti
844 3048 1012 3114 Michaelis
1049 3049 1086 3113 in
1115 3051 1212 3136 quin-

166 3157 182 3184 “
205 3149 310 3215 decim
325 3150 402 3214 dies.
428 3149 474 3212 Et
492 3153 693 3235 praeceptum
717 3156 775 3226 est,
792 3149 878 3213 sicut
900 3149 988 3228 alias,
1007 3149 1211 3229 Vicecomiti,

164 3259 183 3286 “
206 3252 294 3336 qnod
315 3253 428 3317 venire
443 3249 544 3316 faciat
559 3250 612 3316 hic
628 3250 800 3315 duodecim
823 3258 851 3315 et
872 3257 997 3329 coeaero,
1013 3252 1056 3317 ad
1071 3254 1211 3319 eundem

167 3361 183 3386 “
205 3353 302 3419 diem.

211 3456 298 3520 “Ad
321 3477 418 3542 quem
441 3456 528 3520 diem
551 3456 729 3541 praedictus
751 3456 865 3522 Abbas
887 3456 992 3534 venit,
1006 3479 1065 3545 per
1086 3459 1212 3524 dictum

168 3567 184 3592 “
207 3562 412 3624 attomatum
443 3578 550 3622 suum.
598 3558 643 3622 Et
678 3556 863 3624 Vicecomes
893 3561 1077 3626 retornavit
1102 3562 1212 3642 breve,

167 3670 185 3693 “
207 3673 242 3725 et
273 3659 407 3725 nomina
435 3659 630 3745 juratorum,
661 3666 691 3724 ct
712 3667 836 3726 coetero
883 3661 928 3726 Et
959 3661 1023 3749 ipsi
1056 3685 1123 3730 non
1157 3686 1212 3730 ve-

168 3770 185 3796 ⁴‘
207 3762 315 3828 niunt.
362 3760 443 3826 Ideo
466 3761 564 3826 datus
587 3767 637 3826 est
659 3761 729 3826 dies
751 3762 890 3849 praefato
913 3763 1039 3830 Abbati
1061 3779 1165 3852 usque
1193 3789 1214 3831 a

166 3873 184 3898 “
208 3863 262 3928 die
284 3863 399 3929 Sancti
427 3862 562 3927 Hillarii
592 3863 629 3927 in
660 3863 848 3949 quindecim
879 3865 955 3932 dies.
1000 3867 1047 3932 Et
1071 3890 1214 3955 praeccp-

169 3976 184 4000 “
208 3970 281 4031 tum
304 3971 355 4030 est
378 3965 578 4043 Vicecomiti,
602 3965 687 4051 quod
711 3967 890 4053 distringat
907 3969 1073 4052 juratores
1095 3977 1125 4035 cl
1154 3992 1212 4034 coe-

169 4077 184 4102 ‘⁴
208 4075 287 4133 lero.
333 4067 378 4132 Et
401 4073 519 4152 praeter
544 4067 625 4142 illos,
649 4089 707 4133 sex
735 4065 891 4133 ²tallatos
921 4077 951 4134 et
981 4078 1103 4136 coetero.
1159 4072 1214 4137 Ita

169 4180 185 4204 “
208 4177 238 4237 ct
261 4177 377 4237 coetcm
399 4170 605 4235 adeundam
628 4170 724 4246 diem,
747 4171 802 4235 vel
824 4172 967 4249 interim,
990 4194 1099 4238 coram
1122 4173 1214 4238 Hen·
1242 4168 1244 4173 ⁴

169 4274 276 4340 “rico
303 4272 417 4347 Grene,
444 4271 638 4337 Juaticiario
670 4273 770 4359 Regis
796 4274 964 4360 assignato
996 4296 1055 4360 per
1084 4276 1213 4342 litteras

204 4532 277 4582 ¹inde
288 4533 310 4584 is
324 4533 434 4584 inserted
455 4532 521 4591 here,
538 4531 666 4597 evidently
685 4527 688 4535 '
744 4531 818 4581 ²tcrll’
835 4533 861 4582 in
881 4532 945 4592 MS,
970 4535 1214 4600 meaning-“taleg.

170 4614 197 4664 in
207 4629 284 4666 error.
710 4611 818 4659 “men'’
