3038 5452
347 709 411 773 260
715 723 824 773 orsrs
844 723 1009 774 malurn

178 900 335 963 Richfflllla
349 911 369 936 “
390 908 489 963 ‘filius
509 908 633 964 Andreae
653 910 681 965 le
700 911 823 975 Tumor,
837 909 1004 967 Willelmus
1017 912 1053 966 de
1065 911 1287 983 'lydenhangra
1301 909 1390 965 Nico·

207 969 293 1083 Affi
348 996 368 1020 “
389 993 475 1048 ‘laus
495 993 670 1062 Bydewella
693 995 859 1051 Willelmus
877 996 906 1050 le
926 996 1035 1066 Longe,
1049 995 1215 1050 Willelmus
1227 994 1263 1049 de
1276 995 1392 1066 Lange-

220 1072 301 1150 A.D.'
349 1079 367 1104 ‘¹
389 1076 483 1141 ‘ford
497 1077 641 1133 Ricardus
657 1079 694 1133 de
712 1079 849 1143 Plutone,
864 1086 894 1134 et
913 1079 1063 1135 Galfridus
1076 1080 1246 1142 Hereward,
1257 1079 1391 1133 homines

198 1172 321 1217 1326-85.
347 1164 366 1188 “
388 1164 396 1188 ‘
408 1161 487 1217 villa
499 1162 535 1215 de
556 1163 663 1218 Sancto
680 1163 803 1228 Albano,
818 1171 961 1219 venerunt
978 1165 1009 1218 in
1021 1163 1203 1219 Canoellaria
1220 1164 1322 1234 Regis,
1337 1181 1390 1233 pro

222 1265 288 1275 -
346 1247 366 1271 “
386 1248 394 1272 ‘
406 1264 438 1300 se
450 1251 481 1300 et
492 1247 606 1302 oaeteris
619 1248 784 1302 bominibus
797 1247 928 1318 ejusdem
940 1248 1035 1313 villoe;
1057 1255 1088 1303 et
1100 1247 1268 1303 detulerunt
1279 1246 1390 1301 ibidem

346 1331 366 1355 “
387 1328 580 1400 ‘¹quamdam
598 1331 728 1385 chartam
758 1332 871 1402 regiam
898 1330 933 1386 de
963 1331 1180 1386 confirmatione
1206 1329 1390 1401 quarundam

346 1415 365 1439 ‘¹
385 1413 583 1478 ‘libertatum
604 1414 714 1469 eisdem
731 1415 898 1470 hominibus
909 1433 962 1486 per
976 1416 1116 1485 scriptum
1128 1414 1276 1486 Hugonis,
1296 1430 1391 1484 nuper

346 1498 365 1523 “
384 1496 528 1552 ‘Abbatis
545 1497 581 1553 de
604 1496 708 1553 Sancto
726 1497 849 1562 Albano,
863 1505 894 1554 et
912 1498 1078 1555 Conventus
1097 1498 1230 1570 ejusdem
1241 1499 1309 1562 looi,
1323 1516 1391 1553 oon·

345 1584 365 1607 “
386 1584 394 1607 ‘
407 1599 571 1648 cessarum;
590 1587 619 1636 et
630 1583 778 1653 petierunt
791 1582 868 1654 quod
880 1584 981 1638 charta
990 1584 1044 1638 illa
1056 1584 1254 1646 damnaretur,
1269 1587 1300 1637 et
1312 1581 1391 1652 quod

345 1667 365 1691 “
386 1668 393 1691 ‘
406 1665 660 1721 irrotulamentum
668 1667 744 1729 inde,
756 1667 786 1721 in
796 1666 911 1721 Rotulis
922 1666 1110 1723 (lancellariae
1119 1669 1239 1731 factum,
1248 1665 1392 1720 aRotulis

299 1783 303 1790 ·
345 1751 365 1776 “
386 1750 466 1805 ‘illis
479 1751 695 1806 retraheretur:
715 1752 980 1821 renuncianrntque
993 1751 1111 1813 ibidem,
1124 1768 1177 1821 pro
1196 1769 1237 1815 se,
1251 1756 1282 1804 et
1299 1750 1392 1804 haere·

345 1834 364 1858 “
385 1833 491 1889 ‘dibus
511 1841 541 1890 et
559 1836 777 1891 suecessoribus
795 1834 885 1900 ‘suia
900 1835 1034 1889 omnibus
1058 1835 1243 1889 libertatibus
1262 1834 1295 1887 in
1312 1833 1392 1888 diota

344 1919 364 1942 “
384 1919 392 1943 ‘
406 1918 506 1973 charta
518 1919 671 1974 contentis.
708 1918 757 1972 Ad
769 1936 892 1989 quorum
904 1917 1083 1989 petitionem,
1095 1917 1201 1973 Custos
1215 1917 1391 1972 Rotulorum

343 2004 363 2028 “
385 2001 491 2058 ‘diotae
511 2002 700 2058 Oauoollariae
718 2019 813 2057 ceram
831 2021 850 2057 a
867 2001 946 2057 diota
963 2003 1064 2057 charta
1081 2003 1215 2064 extraxit,
1234 2007 1265 2057 et
1282 2002 1391 2056 irrotu-

344 2088 363 2112 “
384 2086 565 2141 ‘lamentum
583 2084 660 2150 inde,
673 2086 706 2139 in
723 2085 835 2141 eisdem
853 2085 969 2140 Rotulis
983 2085 1171 2141 Oanoellariae
1189 2087 1310 2149 sactum,
1325 2103 1391 2141 een-

343 2172 363 2195 “
383 2169 523 2225 ‘cellavit
546 2176 577 2224 et
599 2169 758 2224 damnavit.
805 2169 982 2224 Detulerunt
1005 2170 1094 2225 etiam
1120 2169 1234 2240 praefati
1253 2169 1388 2223 homines

175 2256 314 2307 Surrender
344 2254 363 2278 ‘¹
385 2253 515 2306 ‘ibidem
534 2252 679 2323 quoddam
693 2253 825 2322 sigillum
843 2259 1025 2323 argenteum,
1040 2252 1119 2322 quod
1136 2252 1193 2307 sibi
1205 2250 1389 2315 ³commune,

175 2325 210 2388 by
220 2324 264 2373 the
344 2338 363 2362 “
385 2338 549 2407 ‘praetextu
573 2336 744 2390 libertatum
769 2336 986 2406 praediotarum‚
1018 2336 1156 2390 fabricari
1180 2336 1333 2402 fecerant3
1361 2342 1392 2390 et

172 2397 312 2506 ffiffiffl
344 2422 362 2446 “
385 2421 637 2491 ‘recognoverunt
665 2437 719 2491 pro
747 2438 787 2485 se,
815 2420 981 2475 haeredibus
1006 2427 1036 2474 et
1060 2420 1278 2474 successoribus
1313 2421 1387 2486 suis,

174 2537 289 2572 common
344 2507 363 2530 “
384 2506 392 2530 ‘
405 2504 573 2574 hujusmodi
583 2505 754 2559 ³oommune
766 2505 899 2575 sigillum
911 2505 1019 2559 habere
1031 2522 1089 2559 non
1101 2503 1215 2567 debere,
1228 2521 1282 2558 neo
1294 2504 1389 2568 velle3

174 2588 232 2638 seul.
343 2590 362 2614 “
384 2591 435 2643 ‘et
452 2589 600 2659 petierunt
618 2588 697 2659 quod
714 2588 848 2659 sigillum
865 2588 942 2643 illud
959 2588 1095 2643 similiter
1113 2587 1311 2643 damnaretur.
1350 2588 1389 2644 ut

342 2675 361 2698 ‘⁶
383 2671 441 2726 ‘ad
459 2690 560 2726 eorum
581 2673 752 2743 petitionem
763 2673 842 2726 idem
854 2673 987 2742 sigillum
1004 2672 1171 2726 damnatum
1192 2672 1259 2735 fuit,
1274 2677 1304 2726 et
1316 2671 1389 2728 libe-

342 2758 361 2782 ‘¹
382 2759 500 2811 ‘ratum
525 2755 622 2810 Fratri
646 2754 772 2811 Ricardo
794 2756 829 2810 de
854 2756 1020 2821 Hetersete,
1045 2756 1186 2809 monacho
1211 2755 1247 2810 de
1279 2754 1388 2811 Sancto

341 2842 361 2866 ‘¹
382 2840 390 2866 ‘
403 2839 525 2903 Albano,
538 2838 575 2893 ad
593 2840 733 2894 feretrum
754 2837 853 2893 Sancti
864 2838 971 2893 Albani
983 2839 1123 2909 Martyris
1142 2838 1343 2904 deferendum,
1357 2841 1388 2894 in

340 2926 360 2950 ‘¹
381 2922 566 2979 ‘subsidium
579 2922 674 2994 operis
687 2922 817 2992 ejusdem
824 2922 944 2976 feretri’
973 2922 1009 2976 In
1022 2923 1106 2992 eujus
1118 2923 1162 2976 rei
1175 2922 1386 2987 testimonium,

339 3010 360 3034 “
378 3008 431 3063 has
449 3008 563 3062 litteras
580 3013 695 3062 nostras
707 3006 771 3060 fieri
783 3007 905 3061 fecimus
915 3011 1056 3077 patentes.
1074 3007 1160 3061 Teste
1172 3007 1294 3076 meipso,
1309 3007 1388 3078 apud

340 3095 359 3119 ⁴‘
379 3093 679 3156 westmonasterium,
699 3091 839 3145 vicesimo
858 3091 959 3160 quinto
986 3089 1034 3144 die
1059 3091 1169 3154 Martii,
1199 3109 1273 3145 anno
1299 3092 1386 3163 regni

339 3178 470 3232 “nostri
495 3176 628 3247 quarto.'’

171 3387 233 3437 This
244 3389 302 3450 soal,
383 3375 478 3453 Quod
503 3376 636 3461 quidem
661 3376 814 3461 sigillum,
839 3379 956 3459 expost
986 3374 1102 3460 elapsis
1131 3375 1248 3440 multis
1279 3377 1383 3452 annis,

169 3469 325 3580 ffifhm
337 3475 498 3541 Dominus
522 3479 662 3542 Thomas
685 3478 724 3541 de
747 3477 780 3540 la
803 3476 903 3551 Mare,
919 3474 1032 3539 Abbas
1056 3477 1154 3561 hujus
1179 3476 1385 3558 Monasterii,

170 3585 266 3635 broken
278 3602 311 3651 up
337 3600 357 3642 a
380 3578 499 3644 feretro
522 3580 651 3643 detrahi
673 3584 707 3644 et
729 3579 890 3664 confringi
923 3578 1009 3655 fecit,
1040 3579 1083 3642 ad
1117 3580 1384 3646 emendationem

169 3652 448 3768 membran
478 3680 663 3760 nominati3
693 3703 736 3746 ne
762 3702 908 3766 unquam
940 3680 1085 3745 fortassis
1120 3682 1243 3746 furtive
1274 3689 1384 3769 posset

169 3783 280 3836 Thomas
293 3788 324 3838 de
336 3783 473 3847 alienari
503 3805 560 3870 per
589 3804 784 3868 quemquam
818 3783 1036 3863 villanorum3
1071 3784 1106 3846 in
1138 3806 1277 3869 quorum
1310 3808 1384 3851 con-

168 3853 194 3901 la
204 3851 276 3902 Mare
473 3885 480 3898 .
509 3886 516 3899 .
710 3885 716 3898 .
807 3885 813 3898 .
886 3886 892 3899 .
1088 3885 1094 3898 .

167 3890 297 3983 surrepat
336 3891 449 3973 speetu
471 3884 603 3962 rbrdem,
627 3907 720 3968 quasr
749 3884 861 3970 ⁴sprna
883 3908 920 3948 m
943 3886 1044 3965 ocule,
1069 3892 1171 3951 artum
1195 3892 1277 3951 erat.

168 3983 197 4032 of
206 3985 249 4035 the

168 4050 252 4101 shrine
264 4052 292 4101 of
339 4087 706 4094 -„.-..-.„„-.-—.-..
723 4087 778 4092 m.
794 4087 805 4091 „
816 4086 957 4091 ...ἡ

167 4114 204 4165 St.
216 4118 310 4169 Alban.

366 4214 457 4278 ιᾳιιιιηι
474 4212 500 4262 in
518 4212 582 4271 MS,
602 4214 647 4262 but
664 4213 790 4263 corrected
800 4211 826 4261 in
908 4213 1029 4261 'comune
1040 4211 1067 4260 in
1080 4212 1136 4264 MS.

331 4291 374 4342 the
384 4291 629 4356 margiqinalater
639 4290 713 4342 hand
912 4290 964 4340 ⁴In
991 4293 1098 4343 allusion
1126 4300 1153 4342 to
1181 4292 1279 4343 Joslrua
1307 4294 1381 4343 xxiii.

363 4371 500 4423 ³0mitted
522 4372 549 4421 in
573 4371 639 4431 MS,
657 4372 701 4421 but
713 4371 826 4435 supplied
881 4375 918 4419 13.

330 4449 746 4514 inthemarginstnalrterhunu
