3038 5452
322 702 386 766 164
698 710 803 761 orara
827 709 988 759 amarus

191 897 276 985 Hfflrh·
320 899 529 975 communito,
564 902 638 983 post
663 897 820 982 plurimas
852 896 984 961 demum
1007 891 1294 979 ¹disceptutiones,
1329 892 1364 956 in

186 963 281 1091 iiiii„
324 1002 494 1067 duodecim
528 999 718 1086 fidedignos,
757 1005 827 1064 tam
857 998 981 1063 milites
1013 1017 1114 1082 quam
1151 994 1365 1082 legisperitos,

172 1096 293 1212 affl&
323 1111 358 1171 et
372 1104 531 1190 quosdam
554 1102 671 1189 patriae
693 1102 880 1167 convicinos
902 1100 1030 1178 electos,
1044 1120 1088 1165 ex
1109 1103 1250 1184 utraque
1272 1103 1366 1185 parte

199 1257 267 1268 .-
324 1207 526 1272 unanimiter
543 1209 786 1284 consenserunt,
803 1208 851 1282 ut,
873 1202 963 1268 inter
982 1224 1037 1267 eos
1057 1200 1206 1267 articulis
1220 1199 1367 1287 proposi·

153 1295 310 1413 ῗξῖἥξῗ
322 1309 367 1374 tis
390 1308 559 1374 ventilatis
581 1329 640 1394 pro
662 1314 802 1392 utraque
827 1311 929 1392 parte,
953 1305 1137 1370 indicarent
1162 1302 1252 1389 quod
1282 1302 1368 1368 foret

154 1377 256 1479 raalio
321 1432 500 1477 consonum
522 1409 651 1475 rationi.

154 1494 305 1623 ssffif?
367 1513 472 1578 Electi
502 1533 579 1598 ergo
610 1516 645 1577 et
667 1510 841 1590 nominati,
871 1514 911 1574 ut
937 1509 1137 1595 praedicitur,
1161 1529 1307 1573 seorsum
1331 1526 1366 1571 se

155 1647 311 1689 mmmm.
323 1616 538 1691 diverterunt,
561 1635 659 1700 super
681 1613 883 1699 propositum
910 1611 1094 1689 tractaturi,
1117 1610 1217 1675 etad
1238 1608 1367 1695 objecta

155 1706 295 1769 sultspm,
323 1717 566 1782 rationabiliter
588 1716 783 1802 responsuri.
843 1715 922 1778 Post
944 1713 1065 1778 multos
1087 1713 1222 1778 taudem
1245 1717 1368 1778 tracta·

156 1772 279 1822 radvich
508 1819 516 1833 ‚
578 1820 585 1833 ,
614 1819 621 1833 ‚
688 1819 696 1832 ,
903 1817 910 1830 ,
1200 1816 1208 1829 ‚

155 1836 291 1888 thoricos
324 1828 386 1896 tus,
411 1825 535 1884 vocatis
560 1820 623 1883 sibi
654 1819 760 1883 oribus
789 1815 984 1904 procenbus,
1007 1837 1089 1900 quos
1111 1815 1275 1880 Dominus
1296 1815 1369 1879 Rex

154 1904 281 2027 ἱῗζζᾜζι
324 1923 402 1988 illuc
434 1922 669 1997 transmiserat,
699 1920 741 1984 ad
774 1921 881 2005 ipsum
905 1917 1086 1984 Consilium
1117 1938 1214 1981 suum
1239 1917 1368 2002 plenius

156 2037 242 2101 hythe
325 2024 572 2090 certificandum
606 2023 646 2087 dc
677 2022 821 2107 objectis,
844 2027 878 2085 et
908 2019 1125 2106 impediendis
1156 2040 1216 2105 pro
1242 2020 1369 2085 viribus

156 2102 314 2218 fflssffif
326 2127 394 2190 vim
417 2133 451 2189 et
475 2124 630 2208 injuriam
660 2124 811 2209 partibus
844 2121 1038 2209 irrogandis,
1062 2123 1098 2185 in
1120 2122 1298 2206 quamdam
1320 2121 1370 2186 in·

156 2244 220 2295 ture,
230 2243 275 2284 not
326 2228 508 2305 desituram,
540 2225 617 2290 licet
647 2226 836 2289 damnosam
868 2223 1077 2303 Monasterio,
1100 2245 1268 2288 assensum
1298 2246 1370 2289 mu·

156 2302 285 2416 2³2³*
325 2336 421 2394 tuum
442 2329 659 2415 praebuerunt
705 2327 779 2407 Quo
810 2328 905 2406 facto,
928 2348 1081 2393 concessa
1110 2331 1163 2397 est
1189 2326 1259 2391 alia
1292 2327 1370 2404 dies,

157 2433 231 2483 osche
326 2430 488 2507 videlicet,
517 2429 622 2516 pridie
646 2428 760 2494 Nonas
791 2429 916 2508 Martii,
940 2429 982 2494 ed
1002 2427 1220 2494 amicabiliter
1241 2449 1370 2516 compo-

158 2499 312 2565 M⁰⁰⁸³¹‘'⁷‘
325 2533 469 2598 nendum
492 2554 589 2619 super
609 2532 788 2597 indentura
810 2532 988 2596 nominata

720 2797 948 2863 diritiouati'o.

160 2951 233 3030 incy
243 2963 309 3004 meet
372 2947 446 3027 Quo
468 2947 520 3012 die
543 2947 578 3010 in
612 2947 743 3012 ecclesia
773 2946 886 3013 Sancti
918 2949 1040 3012 Albani
1074 2950 1225 3034 partibus
1255 2971 1372 3015 conve-

158 3033 298 3138 fflt'ffif
328 3050 507 3128 nientibus,
540 3051 610 3114 sinc
642 3072 805 3114 armorum
836 3052 985 3136 strepitu,
1009 3057 1137 3116 ostensa
1167 3057 1217 3116 est
1248 3051 1373 3118 Charta

160 3152 258 3210 Marcis
271 3154 295 3202 in
329 3151 465 3217 Henrici
488 3152 631 3218 Secundi
662 3153 701 3217 de
732 3152 939 3218 libertatibus
969 3160 1003 3218 et
1032 3153 1291 3240 possessionibus
1313 3154 1373 3218 Ec

160 3219 308 3335 {lesffih
328 3254 433 3319 clesise
450 3253 563 3319 Sancti
583 3255 707 3318 Albani
726 3256 908 3331 concessis;
930 3257 966 3320 in
987 3278 1050 3341 qua
1070 3256 1264 3322 continetur
1284 3259 1371 3342 quod

160 3351 309 3467 ffl'cffmwgr
328 3354 416 3419 inter
438 3363 571 3420 ceteras
593 3356 761 3420 libertates
784 3363 818 3421 et
840 3358 1066 3442 possessiones,
1090 3357 1232 3423 contulit
1261 3357 1371 3423 Eccle-

161 3481 283 3547 offlenry
329 3478 386 3521 siae
409 3457 523 3521 Sancti
544 3457 668 3521 Albani
691 3458 805 3522 villam
838 3459 951 3524 Sancti
976 3460 1109 3537 Albani,
1133 3483 1208 3525 cum
1238 3460 1310 3525 foro
1338 3464 1372 3524 ct

160 3547 232 3596 Μ
330 3560 419 3622 omni
441 3558 594 3622 libertate
616 3581 714 3644 quam
738 3561 860 3648 burgus
883 3561 981 3627 debet
1002 3562 1130 3628 habere.

160 3617 299 3744 ssfflffl'
376 3659 503 3738 Quibus
524 3659 634 3724 verbis
655 3664 887 3747 pronunciatis,
910 3685 987 3729 mox
1015 3664 1129 3729 villani
1159 3663 1372 3729 scandalizati

160 3758 294 3874 operation
330 3761 465 3824 suntin
488 3760 548 3825 hoc
571 3763 742 3841 verb0,—“
753 3765 876 3851 burgus
886 3765 913 3845 ;’'
936 3772 970 3830 et
1001 3765 1088 3831 illico
1118 3767 1287 3853 petierunt
1307 3765 1373 3830 illis

159 3826 317 3957 ibmlfd
330 3869 453 3928 statum
476 3864 688 3950 burgensium
722 3867 915 3943 confirmari,
942 3869 1063 3955 scripto
1089 3874 1124 3933 et
1146 3868 1255 3954 sigillo
1286 3889 1370 3933 com-

160 3959 307 4079 !'cmff
330 3966 421 4032 muni
445 3965 636 4032 Conventus
658 3970 859 4034 communiri
919 3970 985 4036 Sed
999 3972 1077 4055 quia
1092 3970 1151 4034 hoc
1173 3970 1209 4033 in
1233 3969 1374 4035 0001&ae

159 4098 296 4158 postponas
330 4073 554 4159 prejudicium
578 4073 759 4137 maximum
781 4076 868 4138 verti
891 4076 1068 4153 videretur,
1094 4075 1246 4140 differtur
1275 4098 1374 4163 nego-

160 4161 240 4278 ἓξὲξ
250 4163 308 4212 Μ
330 4177 414 4240 tium
438 4175 606 4260 usquead
629 4182 760 4239 sextum
785 4174 865 4241 Idus
893 4178 1016 4255 Martii,
1038 4179 1127 4265 apud
1151 4178 1373 4243 Westmonas·

159 4296 253 4347 monia
329 4280 457 4353 terium,
480 4301 500 4342 a
523 4276 669 4342 Consilio
692 4278 780 4363 regio
810 4285 844 4343 et
873 4281 1129 4366 sapientioribus
1154 4280 1260 4345 totius
1282 4281 1373 4367 regni

329 4380 580 4446 discutiendum
