3038 5452
93 1933 96 1937 .
165 1880 263 1935 statute
275 1886 305 1935 of

336 713 402 776 324
711 729 816 779 oneri
839 729 1000 782 mundun

191 927 311 1044 Mssiguhael,
380 923 398 949 “
421 914 502 980 Ideo
524 915 764 981 consideratum
786 922 844 995 est,
860 919 949 1004 quod
964 918 1051 984 idem
1074 918 1189 983 Abbas
1211 921 1377 1006 recuperet

194 1061 293 1123 Abbot,
336 1023 355 1051 “
376 1017 453 1082 inde
475 1017 627 1084 saisinam
649 1041 741 1084 suam
763 1041 876 1085 versus
898 1043 982 1100 eum,
1013 1025 1048 1087 et
1073 1021 1161 1087 idem
1197 1021 1378 1086 Wiilelmns

210 1126 277 1180 nli
334 1128 352 1154 “
374 1121 409 1184 in
440 1122 666 1201 misericordia,
689 1131 719 1189 ct
749 1131 873 1189 caetera.
933 1125 998 1189 Sed
1021 1124 1100 1210 quia
1130 1123 1306 1190 dubitatur
1337 1123 1377 1189 da

180 1197 307 1302 '¹³24'
334 1229 351 1257 “
374 1223 487 1290 fraude
515 1225 593 1291 inde
622 1226 709 1290 inter
737 1248 792 1291 eos
820 1226 1019 1314 praelocuta,
1037 1230 1154 1292 contra
1182 1224 1377 1292 ¹Statutum

166 1350 276 1482 weg
332 1334 349 1360 ‘¹
371 1348 435 1413 quo
466 1334 602 1392 cavetur
631 1349 673 1394 ne
707 1335 812 1409 terrae,
836 1351 894 1394 seu
927 1335 1126 1409 tenemento,
1168 1328 1214 1394 ad
1243 1350 1376 1394 manum

168 1484 174 1496 .
275 1447 286 1457 ·
332 1434 350 1463 “
371 1434 535 1495 mortuam
550 1431 724 1496 deveniant
829 1432 836 1446 ’
965 1458 972 1472 ·
1318 1431 1325 1445 ’

164 1485 348 1630 &thgr-eu
371 1533 490 1611 comiti,
513 1534 602 1618 quod
624 1431 1377 1601 vemreqidzlrdltmlilid'apdg'reeoegisudlliaeoeinvig

163 1625 319 1736 dominun
332 1638 351 1669 “
373 1635 570 1721 septimanas
594 1637 764 1702 duodecim
786 1645 818 1703 et
842 1644 969 1719 occure,
993 1638 1035 1702 de
1055 1637 1187 1703 visneto
1210 1636 1376 1724 praedicto,

164 1698 319 1804 somnio
332 1745 349 1770 “
370 1759 429 1823 per
469 1760 551 1824 quos
580 1746 610 1804 ct
649 1746 774 1820 coetero,
812 1745 847 1806 et
879 1740 937 1827 qui
977 1739 1171 1826 praedictum
1209 1738 1375 1803 Abbatem

164 1815 295 1870 desmate
330 1844 348 1874 “
372 1839 463 1904 nullo
484 1840 644 1907 affinitate
666 1843 844 1929 attingant,
867 1843 911 1907 ad
939 1841 1235 1929 recognoscendum
1259 1848 1290 1906 et
1318 1862 1375 1905 coe·

162 1946 305 2004 Mortuum
331 1948 348 1977 “
370 1950 449 2020 tara,
473 1944 568 2029 quale
585 1944 642 2028 jus
663 1945 749 2008 idem
772 1944 885 2010 Abbas
907 1945 1007 2009 habet
1028 1944 1064 2007 in
1086 1943 1244 2030 praedicto
1273 1964 1376 2007 mesu-

329 2052 346 2078 “
368 2046 451 2132 agio,
466 2067 540 2110 cum
555 2047 782 2133 pertinentiis3
804 2053 839 2112 et
853 2048 927 2133 quis
949 2046 1221 2133 praedecessorum
1242 2065 1375 2109 suorum

327 2153 345 2182 “
367 2146 432 2210 fuit
453 2147 532 2214 inde
553 2148 589 2212 in
611 2148 740 2229 seisina,
755 2155 794 2215 ut
808 2150 849 2214 de
860 2149 935 2233 jure
949 2149 1090 2215 ecclesiae
1105 2170 1173 2213 suae
1188 2148 1374 2233 praedium

328 2255 345 2281 “
367 2252 401 2312 et
415 2249 555 2327 interim,
571 2259 601 2317 et
616 2259 752 2331 caetaro3
774 2256 808 2316 et
831 2251 918 2338 quod
940 2252 981 2317 de
1003 2251 1149 2317 exitibus
1162 2249 1310 2335 ejusdem
1330 2249 1373 2314 ad

327 2356 344 2383 “
367 2348 569 2417 Soaccarium
583 2354 684 2440 Regis
706 2354 908 2440 respondeat.
954 2353 999 2419 Et
1014 2354 1095 2418 scire
1108 2352 1210 2418 faciat
1224 2351 1372 2438 capitalis

326 2457 345 2486 “
367 2452 518 2519 dominus
550 2455 638 2521 feodi
670 2455 761 2520 iliius
793 2456 945 2522 mediatis
976 2460 1012 2521 et
1045 2454 1255 2532 immediatis,
1285 2453 1371 2540 quod

325 2559 492 2620 “extunc
523 2557 590 2621 sint
626 2558 680 2623 hic
710 2559 753 2622 ad
787 2557 960 2644 praefatum
997 2559 1184 2634 terminum,
1223 2555 1370 2621 audituri

327 2654 509 2739 “juratam
532 2658 731 2744 praedictam,
754 2661 783 2725 si
803 2669 835 2726 ct
856 2667 980 2727 cetera
1040 2660 1087 2725 Et
1109 2660 1244 2725 interim
1268 2663 1369 2725 cesset

326 2764 343 2791 “
364 2760 521 2836 executio,
544 2782 713 2848 quousque
735 2770 765 2828 ct
787 2770 911 2829 coeweu.
938 2839 939 2843 Ἰ

460 3109 672 3178 Vercdc‘ctum
693 3110 827 3176 Jorotcc
849 3108 892 3176 iu
909 3107 1036 3196 placito
1054 3113 1249 3195 monetata.

368 3330 385 3356 “
407 3323 431 3387 J
432 3328 528 3388 urata
551 3323 645 3408 quale
663 3323 719 3408 jus
742 3322 891 3399 MichaeL
905 3319 1019 3385 Abbas
1034 3321 1075 3385 de
1091 3319 1213 3385 Sancto
1228 3318 1366 3392 Albano,

229 3411 281 3522 ζ’·
323 3422 463 3489 “habet
485 3426 521 3488 in
544 3447 611 3489 uno
634 3425 809 3511 mesuagio,
833 3447 905 3489 cum
936 3423 1151 3509 pertinentiis,
1178 3422 1215 3485 in
1245 3418 1366 3486 Seuth-

182 3541 198 3574 v
290 3584 293 3591 ,
322 3534 339 3561 “
361 3549 528 3610 mymmes,
539 3529 627 3592 unde
642 3528 729 3593 idem
741 3527 855 3592 Abbas
870 3526 906 3589 in
918 3526 1018 3591 Curia
1032 3525 1094 3602 hic,
1109 3546 1167 3611 per
1183 3523 1364 3589 considera-

321 3637 338 3662 “
360 3628 484 3692 tionem
507 3629 652 3712 ejusdem
668 3629 786 3706 Ouriae,
809 3628 1016 3714 recuperavit
1036 3627 1189 3692 seisinam
1213 3648 1314 3701 suam,
1328 3630 1364 3687 ut

320 3740 337 3764 “
359 3730 400 3795 de
417 3731 492 3814 jure
507 3732 649 3797 ecclesiae
666 3754 734 3797 suae
750 3731 864 3796 Sancti
881 3730 1012 3806 Albani,
1028 3730 1069 3794 de
1085 3729 1208 3794 Sancto
1224 3728 1363 3805 Albano,

319 3841 336 3866 “
359 3854 470 3898 versus
493 3831 696 3898 Willelmum
727 3834 808 3897 Atte
843 3833 953 3897 Penne
988 3832 1027 3897 de
1051 3832 1174 3896 Barnet
1186 3856 1195 3910 ;
1228 3837 1264 3895 et
1293 3829 1364 3915 quis

319 3945 334 3969 “
358 3934 629 4021 praedecessorum
652 3957 784 4000 suorum
807 3934 871 3999 fuit
893 3935 971 3999 inde
986 3935 1022 3998 in
1038 3934 1165 4013 seisina,
1183 3936 1222 3997 ut
1238 3932 1278 3996 de
1287 3931 1363 4016 jure

316 4047 334 4072 ‘⁴
357 4038 497 4104 ecclesiae
511 4060 580 4102 suae
595 4038 759 4124 praedictae
771 4038 958 4123 ;-pouitur
973 4037 1009 4100 in
1024 4041 1172 4122 respectu
1194 4035 1248 4099 hic
1263 4055 1363 4120 usque

317 4147 335 4175 “
356 4165 377 4205 a
392 4141 445 4207 die
462 4141 594 4206 Sanctae
617 4141 790 4205 Trinitatis
812 4140 849 4203 in
864 4139 1050 4225 quindecim
1073 4139 1144 4203 dics
1156 4164 1164 4219 ;
1187 4139 1251 4202 nisi
1268 4138 1306 4201 R.
1323 4137 1362 4200 de

315 4249 333 4279 “
357 4243 559 4309 Kelleshulle
581 4243 634 4307 die
657 4241 797 4307 Sabbati
819 4243 854 4305 in
879 4241 1004 4327 vigilia
1034 4240 1243 4306 Pentecostes
1273 4238 1361 4326 apud

316 4351 333 4381 “
355 4344 505 4434 Oheping
520 4347 645 4410 Bamet
659 4347 750 4430 prius
764 4344 901 4422 venerit,
918 4366 976 4431 pro
992 4344 1119 4409 defectu
1137 4345 1268 4429 juratae,
1284 4344 1361 4428 quia

364 4608 373 4640 ¹
385 4610 439 4661 The
449 4611 547 4663 Statute
557 4610 589 4662 of
603 4610 747 4670 Morunain,
755 4609 799 4661 nh
810 4608 917 4659 Fdward
927 4608 949 4659 1.
978 4608 1025 4659 See
1035 4623 1060 4671 p.
1072 4613 1130 4669 238,
1141 4617 1205 4670 ano,
1217 4608 1282 4659 Note
1293 4615 1316 4658 2.
