3038 5452
410 724 624 776 uovssrurtn
644 723 765 773 sunan
789 721 924 773 sanam.
1152 712 1192 773 15

140 916 162 940 “
184 917 294 967 extunc
312 926 365 981 per
383 907 528 964 Abbatsm
547 907 584 963 ab
602 907 655 962 illo
672 906 765 961 officio
777 907 954 962 absolvatur.
991 905 1108 977 =Nullus
1126 924 1195 962 vero
1217 917 1286 968 John
1295 914 1353 976 111„

140 1001 162 1023 “
184 995 394 1050 monachorum
406 994 485 1048 circa
496 993 550 1048 hoc
562 990 803 1063 impedimentum
815 992 974 1062 praestabit.
1003 992 1194 1056 Abbasvero,
1258 983 1318 1034 2⁵¹h

142 1084 163 1107 ⁴⁴
187 1081 219 1134 sn
238 1078 387 1134 redeundo
399 1077 436 1132 ee
449 1076 549 1143 cara,
562 1075 754 1148 personaliter
767 1075 861 1131 ansa
872 1076 1031 1131 Dominum
1044 1075 1196 1132 canut-
1240 1051 1336 1168 ‘'Q“

144 1167 165 1191 ‘⁴
187 1181 291 1218 ensem
317 1161 586 1233 Archiepisoopum‚
617 1166 758 1232 tanquam
785 1166 1019 1216 conservatorem
1042 1159 1196 1232 privilegi·
1209 1153 1364 1236 129021501.

144 1251 165 1275 ‘⁶
187 1265 276 1303 orum
297 1246 414 1301 Ordinis
432 1246 570 1300 Fratrum
587 1245 745 1309 Minorum,
766 1243 792 1300 si
813 1244 885 1299 adeo
903 1262 993 1316 prope
1011 1245 1101 1300 fuerit
1119 1243 1211 1315 quod·
1253 1283 1319 1295 ..-

144 1338 166 1361 “
188 1332 254 1387 sine
280 1331 385 1386 infesto
409 1328 607 1384 ¹incommodo
630 1329 686 1383 hoc
715 1328 811 1383 facere
832 1330 950 1400 poterit,
981 1330 1039 1384 nisi
1064 1329 1197 1400 legitime
1361 1326 1364 1332 ⁴

144 1420 167 1443 “
188 1414 282 1470 fuerit
299 1413 466 1486 impeditus.
513 1412 596 1480 Quod
622 1413 648 1466 si
669 1413 835 1484 contigerit,
859 1412 964 1468 saltem
982 1413 1060 1467 infra
1078 1413 1198 1468 Festum

144 1501 168 1526 ‘⁴
190 1498 294 1554 Sancti
321 1497 477 1552 Michaelis
506 1514 564 1551 non
590 1497 708 1551 omittat
730 1495 767 1549 do
793 1497 871 1551 sacto
896 1495 968 1551 dicti
992 1493 1199 1551 Arohidiaconi

146 1586 168 1610 “
190 1582 308 1638 veniam
318 1582 465 1652 petiturus
483 1581 612 1651 abipso,
635 1586 664 1634 et
682 1580 748 1643 sibi,
768 1586 908 1650 tanquam
925 1579 1122 1636 conservatori
1140 1579 1199 1651 pri-

147 1670 171 1694 “
191 1666 369 1739 vilegiorum
388 1664 508 1721 Ordinis
527 1664 675 1728 tranum,
697 1664 787 1720 talem
806 1665 1039 1720 humiliationem
1057 1664 1197 1728 facturus,

148 1753 172 1778 “
195 1768 261 1821 qua
278 1750 492 1806 rationabiliter
504 1747 607 1803 debeat
619 1748 751 1802 sufficere
763 1749 795 1802 in
806 1749 861 1803 hac
877 1755 977 1820 parte;
1004 1748 1199 1821 promittendo

147 1839 170 1862 ‘⁶
191 1835 383 1889 nihilominus
401 1851 455 1904 pro
473 1839 548 1888 sset
565 1832 636 1897 suis,
652 1832 730 1901 quod
748 1832 894 1888 cavebunt
911 1850 929 1887 a
946 1832 1055 1887 talibus
1074 1833 1105 1887 in
1122 1833 1200 1888 futu·

147 1923 169 1946 ‘⁴
189 1937 269 1975 rum.
301 1919 381 1975 Dioti
394 1918 483 1973 etiam
492 1917 592 1972 Abbas
604 1923 635 1971 et
647 1915 814 1972 Conventus
825 1915 925 1972 Sancti
937 1917 1045 1972 Albani
1056 1917 1133 1973 bona
1144 1917 1200 1971 fide

145 2004 167 2033 “
184 2003 334 2076 juvabunt
359 2001 489 2067 Fratrm,
515 2007 658 2072 quantum
683 2006 829 2071 poterunt,
857 2019 910 2072 per
937 2018 1053 2056 omnem
1081 2001 1201 2056 modum

147 2091 170 2116 “
190 2085 396 2143 rationabilem
409 2085 446 2140 ad
458 2084 691 2156 recuperandum
704 2083 816 2139 dictum
829 2090 1000 2154 apostatam,
1014 2103 1069 2140 neo
1085 2084 1146 2141 illis
1165 2085 1201 2140 de

147 2176 169 2200 “
188 2170 452 2228 westmonasterio
468 2168 608 2224 assistent
625 2167 661 2222 de
680 2174 787 2223 catere
804 2167 928 2223 consilio
945 2167 994 2224 vel
1012 2170 1128 2236 favore;
1148 2186 1201 2224 nec

147 2261 169 2284 “
190 2256 307 2327 aliquid
325 2255 464 2312 celabunt
481 2271 499 2308 a
520 2253 675 2308 Fratribus
694 2252 773 2322 quod
792 2253 836 2307 eis
854 2252 960 2322 juvare
979 2254 1088 2324 poterit
1104 2255 1135 2307 in
1147 2254 1202 2309 hoc

149 2344 169 2368 ‘⁶
189 2342 278 2396 iacto.
316 2339 464 2395 Caeterum
482 2339 508 2394 si
520 2338 640 2392 Fratres
658 2336 762 2391 docere
779 2342 926 2408 poterunt,
941 2338 1020 2409 quod
1035 2355 1089 2409 per
1106 2337 1202 2393 Abba·

150 2428 171 2452 “
191 2432 255 2480 tem
273 2423 373 2480 Sancti
384 2423 493 2478 Albani
500 2422 564 2494 jam
581 2427 740 2486 mortuum,
764 2426 798 2476 ut
817 2420 980 2476 ²auxilium
999 2440 1202 2493 quemcunque

151 2508 171 2532 ‘⁸
193 2503 337 2568 dedomo,
352 2503 525 2558 auctoritate
538 2506 776 2556 conservatorum
788 2518 840 2572 pro
859 2502 1008 2557 monachis
1028 2501 1202 2558 cistercien-

152 2591 172 2615 ‘⁴
193 2587 285 2652 sibus,
299 2585 343 2642 eis
361 2586 402 2642 sit
418 2584 592 2656 injuriatum
609 2583 641 2639 in
658 2584 767 2655 aliquo,
781 2584 926 2642 Dominus
938 2583 1048 2651 Abbas,
1062 2586 1113 2657 qui
1125 2601 1202 2641 nuno

153 2675 173 2699 ‘⁴
193 2678 248 2736 ast,
261 2669 302 2737 id,
322 2671 434 2741 absque
452 2670 622 2726 difficultate
634 2670 742 2739 aliqua,
758 2678 847 2741 prout
858 2669 972 2741 dejure
989 2671 1107 2741 poterit,
1120 2686 1203 2725 revo-

154 2759 175 2783 “
196 2756 281 2820 cabit,
305 2773 339 2809 ao
358 2772 411 2825 pro
430 2773 462 2810 se
482 2765 513 2809 et
532 2754 594 2810 suis
615 2772 634 2808 a
650 2753 852 2809 consimilibus
870 2755 986 2809 cavebit
1006 2756 1037 2810 in
1057 2754 1200 2810 futurum.

154 2845 174 2867 “
196 2838 303 2896 Omnes
324 2839 445 2910 insuper
466 2839 595 2910 presiate
616 2845 647 2893 et
667 2838 733 2893 aliae
756 2837 930 2908 ³praeteritoe
948 2839 1102 2894 discordia
1126 2839 1202 2909 sopi-

154 2927 175 2951 “
195 2930 300 2990 antur3
327 2929 357 2978 et
375 2923 414 2978 sit
431 2923 500 2977 hino
518 2922 587 2977 inde
604 2928 709 2978 mutua
726 2923 843 2988 ceritas,
858 2923 943 2994 quasi
959 2923 1042 2978 nulla
1059 2920 1202 2978 dissensio

153 3011 174 3035 ‘⁶
193 3005 402 3079 praecessisset,
417 3011 447 3061 et
464 3013 697 3078 transgressores
716 3006 865 3061 hincinde
883 3007 1015 3078 graviter
1032 2987 1216 3079 puniantur.'

154 3096 173 3119 ‘⁸
192 3091 337 3147 Dominus
356 3098 456 3147 autem
468 3092 568 3147 Abbas
585 3090 687 3147 visitet
699 3089 881 3145 Oonventum
893 3090 1022 3155 Oxoniis,
1037 3090 1088 3160 qui
1105 3089 1201 3159 magis

154 3179 175 3203 “
194 3177 226 3232 in
244 3177 303 3232 ista
313 3176 497 3232 conflictione
517 3176 743 3247 ‘gravabantnn
757 3175 788 3227 in
806 3174 905 3244 aliqua
922 3175 1107 3245 eleemosyna
1125 3190 1202 3227 com·

155 3264 175 3286 “
194 3260 316 3374 gratanti,
330 3261 405 3356 citra
416 3260 538 3355 Festum
557 3259 657 3315 Sancti
675 3257 847 3354 ldiohnolis;
875 3259 919 3312 ita
936 3257 1013 3327 quod
1030 3274 1087 3312 non
1105 3257 1202 3354 minus

156 3348 175 3370 ‘⁶
211 3341 326 3417 [quam]
344 3350 451 3416 viginti
469 3361 635 3400 marcarum
653 3347 837 3398 mmistretur
855 3340 968 3397 duobus
992 3341 1201 3409 conventibus,

155 3431 174 3456 ‘¹
194 3427 220 3482 si
238 3428 327 3484 istam
345 3426 546 3484 visitationem
563 3427 700 3482 Minister
719 3432 749 3482 et
767 3426 886 3482 Fratres
904 3426 1042 3483 duxerint
1052 3434 1203 3500 acceptan-

155 3513 177 3540 “
197 3510 273 3569 dnm.
310 3510 396 3567 Hanc
407 3516 507 3567 autem
524 3510 735 3567 ordinationem
752 3512 944 3583 praemissam,
958 3529 1056 3568 coram
1075 3513 1118 3567 eis
1131 3509 1203 3566 reci-

155 3599 176 3623 ‘⁴
196 3602 297 3661 tatam,
317 3603 417 3666 partes
440 3595 589 3667 predicta
613 3601 838 3667 acceptaverunt
861 3601 1022 3668 gratanter,
1042 3601 1073 3651 et
1090 3613 1155 3650 eam
1172 3595 1203 3649 in

155 3684 177 3708 ‘⁸
196 3680 331 3735 omnibus
350 3698 381 3735 se
397 3681 596 3752 promiserunt
613 3681 688 3735 bona
706 3680 762 3735 fide
779 3680 933 3736 hincinde
952 3686 1128 3745 servaturos,
1148 3679 1203 3734 sub

156 3766 177 3791 “
197 3781 283 3834 poena
294 3782 382 3836 quam
394 3764 538 3819 Dominus
557 3763 710 3819 ⁸Decanus
728 3763 887 3835 praedictus
899 3770 930 3820 et
940 3765 1045 3820 Frater
1057 3763 1203 3818 liebertus

155 3851 176 3876 ‘⁴
196 3850 227 3902 'm
244 3864 302 3903 non
319 3851 469 3905 servantes
488 3847 625 3903 duxerint
642 3846 835 3903 statuendam,
873 3848 911 3904 In
929 3863 1054 3919 quorum
1073 3848 1203 3903 omnium

156 3936 176 3958 “
196 3932 406 3999 tesdmonium,
419 3933 456 3988 de
476 3949 619 3988 consensu
635 3932 774 4002 partium,
787 3938 819 3987 et
834 3933 980 3997 mandato,
1000 3932 1109 4004 sigillis
1128 3933 1204 4003 ejus-

156 4019 177 4043 “
196 4016 263 4070 dem
275 4016 394 4072 Domini
406 4017 516 4072 Decani
534 4023 565 4072 et
576 4016 688 4071 arcun
701 4016 822 4072 Roberti
835 4023 993 4089 presentes
1011 4017 1118 4072 litteras
1137 4022 1205 4072 sunt

156 4101 176 4127 “
193 4101 324 4158 munita.
360 4100 470 4157 Datum
487 4100 566 4172 apud
583 4100 695 4155 Urbem
716 4101 865 4168 Veterem,
891 4101 939 4156 die
962 4106 991 4155 at
1011 4118 1086 4157 anno
1103 4117 1204 4172 supra·

156 4186 179 4211 u
195 4184 316 4242 dietis-'2

190 4450 451 4503 'iaoomdoinlds
738 4447 950 4510 ⁴SicinllS.,in
963 4447 1103 4512 theplural.

188 4530 276 4583 ''l'hls
290 4545 397 4598 punge
418 4531 442 4580 is
470 4530 596 4594 evidently
618 4529 658 4579 in·
737 4530 748 4560 ⁵
761 4528 872 4580 Omitted
882 4527 909 4576 in
920 4526 977 4578 Ma.

738 4606 749 4637 ⁶
760 4606 882 4658 Dodonae
892 4606 920 4657 in
930 4606 986 4658 MS.
