3038 5452
106 945 107 948 Ἰ
128 874 249 938 'ihomas

286 662 350 723 448
662 676 769 725 asara
792 675 957 726 lasaron

283 863 300 888 “
319 869 542 925 consueverunt,
574 863 626 917 sed
656 865 722 918 aliis
760 865 813 919 sub
845 882 939 920 annuo
967 882 1066 929 censu,
1110 865 1173 921 sive
1209 865 1339 929 redditu,

282 948 300 971 “
318 945 477 1009 dimittere,
499 945 576 1017 quod
604 949 660 1017 ipsi
686 949 815 1013 Priores,
836 968 903 1004 cum
925 949 1048 1004 consilio
1067 953 1097 1003 et
1123 967 1272 1005 consensu
1291 950 1338 1005 sni

282 1031 301 1055 ‘⁶
321 1029 497 1094 Conventus,
517 1030 565 1083 vel
585 1032 705 1100 majoris
732 1037 762 1086 et
787 1033 910 1087 sanioris
936 1032 1029 1103 partis
1048 1032 1221 1096 eorundem,
1240 1039 1338 1089 terras

219 1095 249 1195 ’·
281 1115 300 1138 “
320 1119 350 1167 et
361 1120 534 1176 tenemento,
553 1122 583 1170 et
601 1115 799 1184 possessiones
818 1116 983 1186 praedictas,
1004 1115 1040 1170 ad
1060 1117 1192 1187 spatium
1212 1117 1338 1188 triginta

100 3003 226 3055 Constitu·

98 3070 152 3120 tion
164 3072 193 3120 of

97 3136 184 3188 Abbot

98 3202 217 3264 Thomas,

95 3270 226 3332 published

93 3333 119 3383 in
131 3335 174 3387 the

94 3401 203 3452 General

93 3467 209 3531 Chapter,

90 3533 159 3586 ΑΙ).
170 3541 247 3598 rsss;

90 3600 221 3718 filil?

281 1199 300 1223 “
320 1214 461 1253 annorum
480 1198 627 1262 duntaxat,
645 1198 693 1252 vel
712 1198 750 1252 ad
772 1200 865 1254 vitam
878 1201 964 1255 unius
988 1205 1040 1255 aut
1060 1198 1198 1264 duorum,
1217 1206 1291 1255 tunc
1304 1200 1336 1255 in

280 1284 299 1307 ‘⁶
319 1299 418 1336 rerum
428 1288 532 1337 natura
541 1282 741 1363 existentium,
754 1284 808 1338 sub
821 1302 922 1338 eorum
936 1283 1042 1354 sigillo
1056 1283 1225 1347 Communi,
1237 1283 1333 1340 libere

280 1369 298 1392 ‘⁸
319 1366 468 1421 dimittere
480 1366 605 1430 valeant,
625 1367 745 1421 licentia
756 1374 856 1422 nostra
868 1368 988 1422 minime
1006 1368 1160 1438 requisita.
1203 1367 1331 1423 Proviso

279 1451 297 1475 “
317 1454 423 1512 tamen,
435 1456 470 1504 ut
486 1449 571 1513 nulli,
583 1451 694 1505 ratione
713 1451 985 1522 consanguinitatis,
1000 1451 1048 1505 vel
1067 1450 1196 1522 alicujus
1209 1450 1335 1508 alterius

278 1535 297 1558 “
317 1532 486 1598 affectionis,
507 1533 559 1588 sed
576 1540 691 1589 tantum
709 1534 769 1589 illis
789 1552 856 1588 cum
875 1534 981 1605 quibus
1000 1533 1132 1589 ecclesiae
1151 1552 1216 1589 suae
1234 1535 1334 1590 condi·

278 1618 296 1642 “
317 1617 425 1671 tionem
443 1618 595 1672 meliorem
614 1618 709 1672 facere
728 1618 845 1689 poterit,
866 1618 1066 1690 possessiones
1085 1617 1239 1673 dimittant
1257 1636 1334 1691 prae·

277 1701 295 1726 “
314 1699 415 1755 dictas.
453 1700 517 1756 Nec
547 1701 635 1756 liceat
665 1702 716 1764 eis,
740 1702 788 1755 vel
814 1700 902 1755 alicui
931 1701 1099 1763 eorundem,
1130 1718 1254 1755 censum
1280 1720 1334 1757 sen

277 1786 296 1808 ‘⁴
315 1783 462 1839 redditum
481 1784 517 1838 dc
536 1785 769 1855 possessionibus
789 1803 842 1839 seu
861 1784 1122 1855 ¹promissionibus
1136 1785 1251 1840 eisdem
1266 1804 1332 1856 pro·

276 1868 296 1892 “
314 1868 480 1922 venientem
497 1886 557 1938 prm
576 1868 710 1922 manibus
729 1869 878 1939 recipere;
907 1868 959 1923 sed
981 1868 1037 1922 sibi
1056 1874 1086 1923 et
1105 1868 1331 1924 successoribus

276 1951 295 1976 “
315 1951 385 2016 suis,
406 1951 565 2005 secundum
591 1951 768 2006 dimissionis
795 1952 928 2013 sormam,
947 1951 1095 2005 annuatim
1123 1953 1331 2009 tantummodo

276 2036 294 2061 “
313 2035 507 2105 persolvatur.
558 2035 728 2089 Inhibemus
755 2035 842 2089 etiam
868 2034 979 2088 eisdem
1004 2034 1158 2089 Prioribus
1179 2053 1330 2107 expresse,

275 2120 293 2145 ‘⁴
313 2136 349 2171 ne
368 2136 469 2173 eorum
487 2119 594 2173 nativis
612 2137 665 2189 per
684 2119 817 2189 sigillum
836 2117 949 2188 aliquid
967 2117 1126 2182 dimittant,
1146 2136 1203 2174 seu
1222 2123 1329 2191 quovis

274 2205 293 2230 “
312 2203 370 2257 alio
388 2203 472 2258 modo
498 2203 632 2273 sigillum
659 2202 776 2257 tradant
802 2201 922 2256 eisdem.
970 2202 1062 2257 Istam
1080 2202 1190 2257 lineam
1218 2204 1329 2260 durare

274 2289 293 2313 “
312 2286 457 2351 volumus,
484 2304 637 2357 quousque
668 2286 838 2341 duxerimus
870 2303 934 2341 eam
952 2286 1157 2344 revocandam.
1216 2288 1327 2345 Datum

273 2375 292 2397 “
313 2369 390 2441 apud
409 2370 548 2428 Sanctum
567 2370 724 2434 Albanum,
740 2376 771 2424 ut
791 2370 910 2442 serpso?

271 2633 475 2702 Constitutio
506 2634 598 2699 edito
628 2632 670 2699 in
694 2634 850 2720 Oopitulo
883 2642 997 2700 caestre
1029 2634 1196 2715 semmei,
1225 2636 1324 2721 aprtd

358 2735 525 2800 Sanctum
549 2734 726 2800 Albanum
757 2735 923 2815 celebrato,
955 2758 1050 2800 aram>
1073 2736 1225 2802 Domini
1240 2739 1322 2803 mil·

355 2837 469 2902 iesioao
492 2837 714 2902 trecentesim
737 2837 1016 2923 ‹proiqutpesimo
1038 2839 1171 2924 quinio,

304 3007 322 3030 ‘⁴
342 3003 426 3058 Licet
442 3003 559 3058 Priores
585 3001 742 3065 Celtarum,
763 3003 846 3057 nobis
871 3010 901 3057 et
925 3010 1024 3058 nostro
1049 3003 1230 3059 Monasterio
1250 3005 1317 3059 sub·

268 3089 286 3115 “
302 3088 457 3158 jectarum,
475 3104 580 3143 census
605 3086 800 3158 subjectiones
825 3086 855 3139 in
874 3087 962 3141 Festo
986 3087 1137 3142 Passionis
1156 3088 1245 3143 Beati
1266 3089 1317 3143 Al-

267 3175 286 3198 “
305 3172 383 3235 bani,
403 3178 433 3226 et
449 3171 604 3243 pensiones
628 3170 807 3227 studentium
831 3171 1027 3224 ⁴·‘scholarium
1051 3171 1080 3225 in
1106 3171 1197 3227 Festo
1217 3172 1316 3227 Sancti

266 3259 284 3281 “
304 3256 467 3319 Michaelis,
488 3272 524 3311 ex
551 3260 659 3312 statuto
687 3260 852 3309 sanctornm
880 3261 1006 3325 patrum,
1035 3273 1123 3326 super
1150 3256 1209 3310 hiis
1237 3257 1313 3311 salu·

265 3341 284 3366 ‘⁴
303 3339 396 3394 briter
414 3340 500 3403 edito,
521 3340 604 3393 annis
630 3338 757 3408 singulis
779 3338 892 3392 solvere
912 3340 1191 3410 teneantur;—quia
1214 3347 1310 3394 tamen

265 3424 499 3493 “experimento
528 3423 685 3477 didicimus
718 3421 886 3491 multiplici,
923 3421 1000 3490 quod
1030 3422 1164 3476 nonnulli
1192 3423 1311 3477 Priores

263 3508 282 3532 ‘⁶
301 3505 469 3575 hujusmodi
488 3506 639 3560 audaciam
657 3505 797 3574 majorem
810 3510 952 3559 statutum
971 3506 1068 3575 ipsum
1086 3523 1145 3559 non
1164 3505 1309 3570 servandi,

263 3591 281 3615 ‘⁴
301 3605 335 3642 eo
354 3589 431 3659 quod
456 3607 542 3659 poena
568 3607 625 3643 non
652 3588 787 3652 vallatur,
815 3588 871 3641 sibi
889 3593 1000 3642 temere
1019 3595 1211 3653 assumentes,
1233 3589 1309 3644 solu·

261 3672 392 3727 “tiones
417 3688 557 3726 censuum
587 3677 617 3725 ct
649 3671 820 3741 pensionum
854 3669 1022 3741 hujusmodi
1054 3672 1134 3726 ultra
1166 3673 1306 3728 terminos

88 3743 205 3814 Pffllfflt
219 3739 249 3788 ⁰¹⁴
260 3759 278 3783 “
298 3755 462 3827 prmdictos,
477 3755 591 3809 indicti
604 3754 696 3808 nostri
714 3754 886 3809 Monostorii
905 3755 1118 3825 praejudicium,
1133 3760 1164 3810 et
1174 3758 1306 3827 ipsorum

88 3811 181 3851 certain

86 3868 243 3936 pensionsby

85 3932 129 3983 the
137 3935 223 3987 Priora

84 4000 196 4053 olCells.

258 3843 277 3867 “
297 3839 477 3896 studentium
496 3838 672 3901 desolamcn,
687 3838 804 3892 differre
824 3840 932 3909 saepius
951 3840 1071 3893 minime
1090 3840 1303 3905 formidarunt;

256 3927 358 3981 “Nos
382 3943 469 3997 super
495 3924 549 3978 hoo
574 3924 714 3986 volentes,
741 3931 828 3993 prout
850 3926 932 3979 nobis
955 3925 1107 3989 incumbit,
1132 3925 1169 3980 de
1186 3929 1305 3996 'oppor-

255 4014 274 4038 “
294 4019 364 4068 tuno
376 4007 507 4064 remedio
517 4025 570 4078 pro
581 4007 696 4061 viribus
709 4007 873 4077 providere,
888 4009 1082 4072 decernimus,
1092 4009 1262 4073 statuimus,
1274 4016 1304 4064 at

253 4099 272 4121 “
292 4096 381 4150 etiarn
400 4093 577 4154 ordinamus,
599 4090 677 4160 quod
696 4108 794 4145 omnes
820 4098 850 4146 et
869 4093 979 4162 singuli
999 4091 1149 4147 Oellarnm
1172 4093 1301 4163 ipsorum

252 4182 271 4205 “
291 4179 419 4241 Priores,
435 4177 486 4248 qui
504 4177 535 4230 in
548 4175 692 4230 solutione
705 4191 845 4228 censuum
865 4193 917 4229 seu
929 4176 1101 4245 pensionum
1120 4176 1298 4246 hujusmodi,

251 4265 269 4289 ‘⁶
290 4264 370 4333 ipsos
401 4259 643 4330 contingentium,
675 4257 754 4312 ultra
777 4259 913 4327 praefatos
938 4260 1089 4322 terminos,
1119 4277 1173 4313 seu
1199 4277 1299 4314 sorum

280 4507 289 4539 ¹
302 4509 345 4559 Sic
356 4508 382 4556 iu
395 4509 450 4559 MS.
479 4509 528 4572 Qy.
548 4506 570 4556 if
586 4516 628 4557 not
640 4509 654 4533 ‘⁴
661 4505 745 4570 proui-
828 4505 978 4556 2εοοΙαηίιηι
988 4507 1014 4556 in
1025 4507 1081 4559 MS.

247 4590 262 4616 “
280 4586 415 4637 sionibus.”
826 4583 965 4650 3οροντιιηο
976 4585 1069 4649 iulis.
