3038 5452
345 790 346 795 ,
419 733 629 786 nosssrnsn
650 735 772 787 sinon
795 735 929 789 snsssr.
1131 725 1194 788 459

228 1039 277 1106 Dc
299 1039 421 1109 Priore
445 1042 920 1130 illudentisrn—Oopitelom
944 1040 1121 1124 Quartum.
1231 1040 1346 1159 Tlffits·

192 1235 303 1293 “Solet
329 1238 467 1294 effrenate
493 1239 613 1296 libertus
632 1241 800 1310 frequenter
818 1240 848 1295 in
866 1238 983 1294 devium
1002 1237 1147 1310 prosilire,
1167 1244 1197 1291 et
1236 1174 1331 1292 Apbsst,

155 1324 174 1347 ‘⁶
195 1320 302 1398 dumo
317 1322 469 1394 superiore
479 1341 537 1379 non
554 1324 679 1396 regitur,
693 1342 711 1378 a
728 1324 802 1379 bono
814 1329 990 1395 torpescere,
1005 1340 1040 1378 so
1052 1322 1084 1376 in
1096 1320 1195 1377 vetitis
1227 1313 1348 1360 1349-96.

155 1408 174 1430 “
195 1405 340 1476 oocupuri.
378 1405 462 1476 Quod
480 1408 599 1480 quidem
610 1408 782 1480 Apostolics
799 1407 980 1480 perpendens
999 1406 1146 1472 discretio,
1159 1421 1196 1459 ne
1210 1403 1319 1493 On't'h'e‘

155 1491 176 1514 “
196 1488 346 1546 studentes
372 1493 464 1548 nostri
492 1491 620 1557 Ordinis,
640 1492 710 1547 dum
737 1511 755 1548 a
780 1492 969 1548 Monasteriis
994 1491 1056 1546 suis
1080 1490 1195 1553 absunt,
1208 1509 1333 1560 dumos

156 1576 176 1599 “
195 1573 288 1630 libero
305 1574 523 1633 dimitterentur
541 1576 670 1642 arbitrio,
685 1583 716 1632 et
733 1577 764 1631 in
782 1577 881 1647 aliqua
897 1580 1121 1649 prorumperent
1132 1591 1197 1646 qnae
1208 1576 1251 1625 the
1259 1576 1333 1627 Prior
1340 1577 1371 1627 of

156 1661 175 1683 ‘⁶
195 1676 252 1714 non
276 1659 375 1726 licent,
402 1661 523 1734 provide
549 1662 661 1726 statuit,
689 1668 724 1717 ut
748 1680 825 1717 nnus
850 1679 886 1716 ex
910 1661 983 1732 ipsis
1013 1659 1196 1716 studentibus
1210 1643 1368 1694 Stud⁰¹¹t⁸⁰f

156 1745 176 1767 ‘⁶
196 1741 282 1798 Prior
300 1745 521 1817 essetipsornm
539 1745 719 1801 studentium
737 1745 910 1817 deputatum
929 1762 982 1816 per
1000 1710 1365 1828 cujnsindns·{1}⁰tffi{i

156 1830 176 1852 ‘⁶
196 1827 284 1884 trium
301 1830 401 1887 oaeteri
419 1830 451 1886 in
469 1832 531 1887 suis
549 1832 663 1887 sotibus
681 1831 779 1886 debite
797 1834 980 1902 regerentur.
1209 1844 1321 1894 emitis,
1339 1846 1369 1895 of

192 1915 211 1938 ‘⁴
231 1910 307 1981 Quia
323 1920 420 1971 temen
432 1934 466 1971 ex
478 1916 659 1988 quorundam
676 1916 802 1971 clamore
820 1915 977 1970 didicimus
990 1913 1068 1986 quod
1079 1913 1196 1969 Priores
1209 1910 1309 1988 Oxiord
1317 1913 1367 1962 and

156 2000 175 2024 “
196 1998 247 2068 qni
265 2001 416 2056 retroactis
434 2001 614 2074 temporibus
633 2001 817 2056 studentibus
835 1999 953 2055 Oxoniae
971 1999 1152 2070 praeiuerint,
1166 1998 1197 2052 in
1209 1979 1367 2045 Cffibfldssi·

155 2086 175 2110 “
196 2084 363 2140 executione
380 2086 532 2157 potestatis
550 2104 603 2158 per
619 2085 772 2142 Summum
784 2085 956 2140 Pontificem
968 2084 1012 2140 eis
1024 2083 1195 2149 commissa,

156 2171 175 2194 ‘⁴
195 2176 308 2224 necnon
326 2168 363 2224 sd
388 2170 485 2225 debite
511 2171 706 2242 regulandum
731 2170 881 2226 studentes
901 2169 980 2240 ipsos
1000 2170 1105 2239 quibus
1124 2186 1197 2240 prae·

156 2254 175 2278 “
195 2253 320 2318 fuerunt,
336 2261 389 2309 sut
408 2255 531 2310 nimium
543 2255 728 2327 negligentes
747 2254 914 2318 extiterant,
934 2258 986 2309 aut
1004 2253 1139 2318 remissi;
1160 2271 1197 2324 ne

156 2340 175 2363 ‘⁶
195 2336 250 2394 hoc
284 2338 362 2393 idem
391 2340 543 2411 contingat
572 2340 751 2412 temporibus
788 2339 978 2403 successuris,
1008 2338 1197 2409 praesentium

154 2425 172 2447 ‘¹
194 2427 293 2477 tenore
316 2422 448 2479 districte
475 2425 663 2495 praecipimus
691 2425 733 2479 eis
759 2424 810 2494 qui
838 2423 950 2478 Prioris
974 2422 1067 2478 officio
1088 2421 1197 2477 futuris

156 2509 174 2532 “
195 2506 376 2578 temporibus
395 2506 512 2563 Osonioe
535 2509 742 2579 pressidebunt,
762 2514 796 2564 ut
813 2507 850 2562 ad
867 2508 999 2578 ipsorum
1017 2506 1197 2562 studentium

156 2594 175 2617 “
195 2591 329 2662 regimen
346 2592 503 2665 invigilent
520 2593 680 2666 diligenter
685 2615 694 2657 ;
715 2593 851 2665 qnodque
864 2610 899 2648 ea
917 2610 982 2664 quse
1000 2592 1031 2647 in
1050 2590 1197 2647 Constitu-

156 2679 174 2701 ·‘
195 2676 273 2731 tione
291 2676 492 2743 Benedictina,
521 2678 622 2745 Titulo
640 2678 702 2733 ‘De
723 2677 911 2750 pensionibus
933 2673 1140 2740 Studentium,'
1169 2680 1199 2729 et

154 2764 173 2786 ‘⁶
195 2758 374 2816 Sermone-¹
388 2760 568 2829 Praeoavere,
597 2769 628 2818 et
655 2761 1025 2827 Sectione-Providesnt,’
1056 2760 1092 2814 de
1123 2757 1197 2830 ipsis

155 2847 174 2872 ‘⁶
196 2843 347 2900 Prioribus
377 2863 411 2902 sc
440 2846 513 2917 ipsis
544 2847 731 2904 studentibus
762 2853 941 2912 statuuntur,
979 2845 1097 2901 Priores
1127 2843 1196 2914 ipsi,

155 2932 174 2954 ‘⁶
196 2937 339 3000 quatenus
359 2947 408 2985 eos
438 2938 626 2998 concernunt,
650 2933 814 2998 observent,
834 2938 865 2988 et
885 2937 1028 3003 quotenus
1048 2927 1197 2985 studentes

155 3017 174 3040 “
195 3013 268 3071 alios
286 3020 421 3087 tsngunt,
441 3017 550 3072 faciant
573 3017 609 3072 ab
636 3018 709 3089 ipsis
736 3017 931 3082 studentibus,
951 3015 1062 3086 absque
1080 3013 1198 3083 mitiga·

155 3101 174 3124 ‘⁵
195 3097 273 3154 tione
292 3117 476 3171 quacunque,
494 3100 603 3156 futuris
615 3102 796 3173 temporibus
814 3100 973 3158 observari.

193 3185 212 3208 “
231 3182 318 3250 Item,
337 3184 453 3239 ordinet
469 3184 555 3240 Prior
575 3186 767 3257 quiscunque,
789 3186 840 3257 qni
869 3183 1054 3241 studentibus
1080 3180 1198 3238 Osoniae

157 3270 176 3294 ‘⁶
197 3268 316 3337 preerit
332 3267 364 3323 in
381 3269 524 3335 futurum,
545 3269 622 3340 quod
641 3271 667 3325 si
685 3271 752 3342 quis
771 3288 806 3326 ex
825 3268 1008 3325 studentibus
1026 3266 1120 3323 nostri
1146 3263 1198 3321 Or·

157 3355 176 3378 ‘⁶
197 3350 276 3408 diuis
302 3351 515 3425 adlegandum
542 3354 757 3427 philosophiam
784 3354 874 3409 inerit
891 3352 1008 3418 habilis,
1028 3358 1060 3407 et
1080 3358 1198 3422 tempus

157 3436 333 3493 “audiendi
362 3438 585 3512 philosophiam,
617 3440 788 3511 prinsquam
824 3438 855 3492 in
889 3437 1038 3508 theologia
1072 3434 1198 3508 grsdm

157 3524 177 3548 ‘⁴
197 3522 356 3578 escendere
373 3524 486 3588 debeat,
505 3542 563 3580 non
586 3525 756 3596 impleverit
778 3523 965 3595 requisitum,
985 3521 1199 3594 philosophiam

159 3611 179 3633 ⁶·
198 3605 281 3679 leget
297 3607 328 3663 in
346 3608 410 3664 loco
428 3627 516 3681 quem
529 3609 616 3666 Prior
633 3610 696 3681 ipse
709 3608 890 3666 studentium
901 3608 999 3681 magis
1009 3607 1120 3665 viderit
1131 3604 1197 3679 ¹op·

158 3695 178 3718 “
198 3699 373 3763 portunum3
393 3699 525 3765 artetque
543 3694 629 3750 Prior
647 3701 769 3751 ceteros
787 3695 880 3750 nostri
899 3693 1018 3750 Ordinis
1030 3693 1061 3749 iu
1072 3693 1198 3766 philoso-

157 3778 177 3802 “
196 3775 267 3847 phin
292 3777 453 3842 studentes,
470 3787 506 3834 ut
532 3796 599 3834 suas
625 3778 764 3835 lectiones
790 3779 909 3835 audiant
934 3778 970 3835 de
996 3778 1107 3843 eodem,
1128 3777 1198 3832 dum

157 3865 177 3887 ‘⁴
197 3866 293 3916 temen
311 3880 330 3916 s
354 3862 531 3918 lectionibus
548 3863 715 3930 ordinariis,
735 3864 784 3920 vel
801 3863 1049 3936 disputationibus
1068 3862 1100 3916 in
1123 3860 1198 3916 Vico

157 3946 176 3972 ‘⁴
198 3943 380 4012 Scholarum,
394 3947 497 4003 aliisve
510 3948 623 4004 ontibus
636 3949 827 4015 scholasticis,
837 3967 889 4021 per
902 3948 1081 4005 auditionem
1097 3945 1197 4016 hujus·

156 4034 174 4056 “
194 4029 273 4086 modi
291 4032 457 4089 nullatenus
475 4033 670 4091 retrahantur.

191 4118 211 4141 ‘¹
231 4115 317 4182 Item,
331 4135 398 4174 cum
420 4135 468 4174 ars
488 4119 631 4176 ertiiioem
642 4119 771 4176 habilem
788 4119 920 4185 reddere,
938 4135 1069 4190 ususque
1080 4132 1195 4188 promp·

158 4203 176 4226 ‘⁴
196 4205 259 4255 tum
278 4201 401 4263 efficere,
420 4204 522 4269 soleat,
543 4210 576 4258 ut
594 4209 655 4259 tem
673 4205 824 4261 studentes
842 4205 936 4260 nostri
955 4203 1072 4260 Ordinis
1084 4202 1116 4256 in
1133 4200 1197 4272 phi-

155 4288 174 4311 “
194 4284 338 4357 losephis,
363 4305 450 4359 quam
472 4290 623 4345 studentes
648 4291 679 4344 in
701 4290 857 4361 theologia,
878 4307 990 4344 necnon
1008 4287 1059 4358 qui
1077 4285 1113 4340 de
1134 4285 1196 4340 Mo·

155 4372 174 4398 ‘⁶
194 4373 331 4428 nosteriis
357 4373 394 4428 ad
422 4373 560 4431 Studium
587 4375 834 4439 transmittuntur,
860 4392 917 4429 uon
935 4380 969 4429 ut
995 4372 1025 4427 in
1050 4369 1198 4442 theologia

551 4659 558 4694 ¹
570 4667 711 4728 epotum
724 4659 750 4713 in
761 4659 816 4712 MS.¹
