<?xml version="1.0" encoding="UTF-8"?>
<!DOCTYPE html PUBLIC "-//W3C//DTD XHTML 1.0 Transitional//EN"
    "http://www.w3.org/TR/xhtml1/DTD/xhtml1-transitional.dtd">
<html xmlns="http://www.w3.org/1999/xhtml" xml:lang="en" lang="en">
 <head>
  <title>
</title>
<meta http-equiv="Content-Type" content="text/html;charset=utf-8" />
  <meta name='ocr-system' content='tesseract 3.04.00' />
  <meta name='ocr-capabilities' content='ocr_page ocr_carea ocr_par ocr_line ocrx_word'/>
</head>
<body>
  <div class='ocr_page' id='page_1' title='image "./gestaabbatummon00parigoog_0148.png"; bbox 0 0 3038 5452; ppageno 0'>
   <div class='ocr_carea' id='block_1_1' title="bbox 382 110 1165 180">
    <p class='ocr_par' dir='ltr' id='par_1_1' title="bbox 382 110 1165 180">
     <span class='ocr_line' id='line_1_1' title="bbox 382 110 1165 180; baseline -0.005 -4"><span class='ocrx_word' id='word_1_1' title='bbox 382 126 597 178; x_wconf 77' lang='lat' dir='ltr'><strong>uoussrnan</strong></span> <span class='ocrx_word' id='word_1_2' title='bbox 620 123 742 176; x_wconf 79' lang='lat' dir='ltr'><strong>ssucrr</strong></span> <span class='ocrx_word' id='word_1_3' title='bbox 764 124 902 174; x_wconf 69' lang='lat' dir='ltr'><strong>aunem.</strong></span> <span class='ocrx_word' id='word_1_4' title='bbox 1100 110 1165 180; x_wconf 75' lang='lat'>&#39;117</span> 
     </span>
    </p>
   </div>
   <div class='ocr_carea' id='block_1_2' title="bbox 93 310 1304 507">
    <p class='ocr_par' dir='ltr' id='par_1_2' title="bbox 93 310 1304 507">
     <span class='ocr_line' id='line_1_2' title="bbox 95 310 1299 433; baseline 0 -54"><span class='ocrx_word' id='word_1_5' title='bbox 95 310 146 381; x_wconf 88' lang='lat' dir='ltr'><strong>de</strong></span> <span class='ocrx_word' id='word_1_6' title='bbox 179 316 396 383; x_wconf 86' lang='lat' dir='ltr'><strong>advocatione</strong></span> <span class='ocrx_word' id='word_1_7' title='bbox 427 317 586 404; x_wconf 85' lang='lat' dir='ltr'><strong>praedicta</strong></span> <span class='ocrx_word' id='word_1_8' title='bbox 616 314 783 380; x_wconf 81' lang='lat' dir='ltr'><strong>Abbatem</strong></span> <span class='ocrx_word' id='word_1_9' title='bbox 814 318 849 379; x_wconf 92' lang='lat' dir='ltr'><strong>et</strong></span> <span class='ocrx_word' id='word_1_10' title='bbox 871 332 1068 379; x_wconf 78' lang='lat' dir='ltr'>successores</span> <span class='ocrx_word' id='word_1_11' title='bbox 1090 333 1166 378; x_wconf 90' lang='lat' dir='ltr'><strong>suos</strong></span> <span class='ocrx_word' id='word_1_12' title='bbox 1211 314 1299 433; x_wconf 46' lang='lat' dir='ltr'><strong>{galle</strong></span> 
     </span>
     <span class='ocr_line' id='line_1_3' title="bbox 93 418 1304 507; baseline 0.013 -24"><span class='ocrx_word' id='word_1_13' title='bbox 93 418 239 501; x_wconf 88' lang='lat' dir='ltr'><strong>quietos</strong></span> <span class='ocrx_word' id='word_1_14' title='bbox 261 419 425 485; x_wconf 85' lang='lat' dir='ltr'><strong>clamavit.</strong></span> <span class='ocrx_word' id='word_1_15' title='bbox 1208 449 1304 507; x_wconf 77' lang='lat' dir='ltr'><strong>Abbot.</strong></span> 
     </span>
    </p>
   </div>
   <div class='ocr_carea' id='block_1_3' title="bbox 86 515 1317 707">
    <p class='ocr_par' dir='ltr' id='par_1_3' title="bbox 86 515 1317 707">
     <span class='ocr_line' id='line_1_4' title="bbox 146 515 1291 607; baseline -0.014 -15"><span class='ocrx_word' id='word_1_16' title='bbox 146 520 199 587; x_wconf 83' lang='lat' dir='ltr'><strong>Et</strong></span> <span class='ocrx_word' id='word_1_17' title='bbox 222 521 302 607; x_wconf 88' lang='lat' dir='ltr'><strong>quia</strong></span> <span class='ocrx_word' id='word_1_18' title='bbox 333 522 443 607; x_wconf 86' lang='lat' dir='ltr'><strong>plures</strong></span> <span class='ocrx_word' id='word_1_19' title='bbox 466 521 600 587; x_wconf 88' lang='lat' dir='ltr'><strong>fuerant</strong></span> <span class='ocrx_word' id='word_1_20' title='bbox 622 519 879 606; x_wconf 79' lang='lat' dir='ltr'><strong>impugnatores,</strong></span> <span class='ocrx_word' id='word_1_21' title='bbox 909 517 1005 604; x_wconf 90' lang='lat' dir='ltr'><strong>plura</strong></span> <span class='ocrx_word' id='word_1_22' title='bbox 1037 538 1164 583; x_wconf 88' lang='lat' dir='ltr'><strong>neeesse</strong></span> <span class='ocrx_word' id='word_1_23' title='bbox 1221 515 1291 566; x_wconf 60' lang='grc' dir='ltr'><strong>ΑΒ·</strong></span> 
     </span>
     <span class='ocr_line' id='line_1_5' title="bbox 86 586 1317 707; baseline -0.011 -19"><span class='ocrx_word' id='word_1_24' title='bbox 86 614 168 687; x_wconf 79' lang='lat' dir='ltr'><strong>fuit</strong></span> <span class='ocrx_word' id='word_1_25' title='bbox 193 621 351 688; x_wconf 85' lang='lat' dir='ltr'><strong>adhibere</strong></span> <span class='ocrx_word' id='word_1_26' title='bbox 380 623 531 688; x_wconf 88' lang='lat' dir='ltr'><strong>remedia.</strong></span> <span class='ocrx_word' id='word_1_27' title='bbox 585 621 783 707; x_wconf 79' lang='lat' dir='ltr'><strong>Episcopum</strong></span> <span class='ocrx_word' id='word_1_28' title='bbox 814 619 1080 697; x_wconf 90' lang='lat' dir='ltr'><strong>Dunelmensem,</strong></span> <span class='ocrx_word' id='word_1_29' title='bbox 1103 618 1164 683; x_wconf 91' lang='lat' dir='ltr'><strong>hn-</strong></span> <span class='ocrx_word' id='word_1_30' title='bbox 1195 586 1317 688; x_wconf 46' lang='lat'>”⁰2⁶⁶</span> 
     </span>
    </p>
   </div>
   <div class='ocr_carea' id='block_1_4' title="bbox 76 716 1330 910">
    <p class='ocr_par' dir='ltr' id='par_1_4' title="bbox 76 716 1330 910">
     <span class='ocr_line' id='line_1_6' title="bbox 76 716 1330 847; baseline -0.002 -57"><span class='ocrx_word' id='word_1_31' title='bbox 76 716 153 803; x_wconf 83' lang='lat' dir='ltr'><strong>jus</strong></span> <span class='ocrx_word' id='word_1_32' title='bbox 179 724 246 789; x_wconf 93' lang='lat' dir='ltr'><strong>loci</strong></span> <span class='ocrx_word' id='word_1_33' title='bbox 269 725 510 802; x_wconf 87' lang='lat' dir='ltr'><strong>Dioecesanum,</strong></span> <span class='ocrx_word' id='word_1_34' title='bbox 529 724 707 789; x_wconf 80' lang='lat' dir='ltr'><strong>fortissime</strong></span> <span class='ocrx_word' id='word_1_35' title='bbox 739 727 988 810; x_wconf 69' lang='lat' dir='ltr'><strong>repugnantem,</strong></span> <span class='ocrx_word' id='word_1_36' title='bbox 1012 716 1330 847; x_wconf 46' lang='lat' dir='ltr'><strong>pfflfiw&#39;filtgltcon·</strong></span> 
     </span>
     <span class='ocr_line' id='line_1_7' title="bbox 81 823 1286 910; baseline -0.002 -20"><span class='ocrx_word' id='word_1_37' title='bbox 81 826 152 891; x_wconf 80' lang='lat' dir='ltr'><strong>vic</strong></span> <span class='ocrx_word' id='word_1_38' title='bbox 187 825 251 891; x_wconf 89' lang='lat' dir='ltr'><strong>hoc</strong></span> <span class='ocrx_word' id='word_1_39' title='bbox 285 826 383 892; x_wconf 89' lang='lat' dir='ltr'><strong>modo</strong></span> <span class='ocrx_word' id='word_1_40' title='bbox 398 832 499 907; x_wconf 91' lang='lat' dir='ltr'><strong>;-ut,</strong></span> <span class='ocrx_word' id='word_1_41' title='bbox 523 825 688 905; x_wconf 86' lang='lat' dir='ltr'><strong>videlicet,</strong></span> <span class='ocrx_word' id='word_1_42' title='bbox 718 824 932 910; x_wconf 85' lang='lat' dir='ltr'><strong>praesentatio</strong></span> <span class='ocrx_word' id='word_1_43' title='bbox 966 828 1000 888; x_wconf 91' lang='lat' dir='ltr'><strong>et</strong></span> <span class='ocrx_word' id='word_1_44' title='bbox 1033 823 1163 888; x_wconf 88' lang='lat' dir='ltr'><strong>collatio</strong></span> <span class='ocrx_word' id='word_1_45' title='bbox 1175 850 1248 899; x_wconf 67' lang='lat' dir='ltr'><strong>cena</strong></span> <span class='ocrx_word' id='word_1_46' title='bbox 1259 856 1286 898; x_wconf 79' lang='lat' dir='ltr'><strong>co</strong></span> 
     </span>
    </p>
   </div>
   <div class='ocr_carea' id='block_1_5' title="bbox 79 914 1331 1032">
    <p class='ocr_par' dir='ltr' id='par_1_5' title="bbox 79 914 1331 1032">
     <span class='ocr_line' id='line_1_8' title="bbox 79 914 1331 1032; baseline -0.022 -26"><span class='ocrx_word' id='word_1_47' title='bbox 79 925 242 993; x_wconf 60' lang='lat' dir='ltr'><strong>vicariae</strong></span> <span class='ocrx_word' id='word_1_48' title='bbox 265 929 412 1014; x_wconf 82' lang='lat' dir='ltr'><strong>praefatae</strong></span> <span class='ocrx_word' id='word_1_49' title='bbox 436 927 578 993; x_wconf 83' lang='lat' dir='ltr'><strong>ecclesiae</strong></span> <span class='ocrx_word' id='word_1_50' title='bbox 602 928 642 992; x_wconf 90' lang='lat' dir='ltr'><strong>de</strong></span> <span class='ocrx_word' id='word_1_51' title='bbox 666 925 857 992; x_wconf 88' lang='lat' dir='ltr'><strong>Conesclive</strong></span> <span class='ocrx_word' id='word_1_52' title='bbox 880 925 944 989; x_wconf 88' lang='lat' dir='ltr'><strong>sibi</strong></span> <span class='ocrx_word' id='word_1_53' title='bbox 975 929 1010 990; x_wconf 87' lang='lat' dir='ltr'><strong>et</strong></span> <span class='ocrx_word' id='word_1_54' title='bbox 1039 914 1331 1032; x_wconf 51' lang='lat' dir='ltr'><strong>succes-ffifflffi</strong></span> 
     </span>
    </p>
   </div>
   <div class='ocr_carea' id='block_1_6' title="bbox 75 1028 1310 1116">
    <p class='ocr_par' dir='ltr' id='par_1_6' title="bbox 75 1028 1310 1116">
     <span class='ocr_line' id='line_1_9' title="bbox 75 1028 1310 1116; baseline -0.005 -22"><span class='ocrx_word' id='word_1_55' title='bbox 75 1028 234 1094; x_wconf 78' lang='lat' dir='ltr'><strong>soribus</strong></span> <span class='ocrx_word' id='word_1_56' title='bbox 257 1030 333 1108; x_wconf 86' lang='lat' dir='ltr'><strong>suis,</strong></span> <span class='ocrx_word' id='word_1_57' title='bbox 357 1029 538 1116; x_wconf 88' lang='lat' dir='ltr'><strong>Episcopis,</strong></span> <span class='ocrx_word' id='word_1_58' title='bbox 562 1029 819 1116; x_wconf 88' lang='lat' dir='ltr'><strong>inperpetuum</strong></span> <span class='ocrx_word' id='word_1_59' title='bbox 841 1033 1072 1093; x_wconf 89' lang='lat' dir='ltr'><strong>remanerent:</strong></span> <span class='ocrx_word' id='word_1_60' title='bbox 1097 1047 1310 1110; x_wconf 73' lang='lat' dir='ltr'><strong>quouaviear.</strong></span> 
     </span>
    </p>
   </div>
   <div class='ocr_carea' id='block_1_7' title="bbox 75 1116 1314 1231">
    <p class='ocr_par' dir='ltr' id='par_1_7' title="bbox 75 1116 1314 1231">
     <span class='ocr_line' id='line_1_10' title="bbox 75 1116 1314 1231; baseline -0.001 -36"><span class='ocrx_word' id='word_1_61' title='bbox 75 1125 198 1209; x_wconf 73' lang='lat' dir='ltr'><strong>facto,</strong></span> <span class='ocrx_word' id='word_1_62' title='bbox 232 1132 347 1196; x_wconf 86' lang='lat' dir='ltr'><strong>statim</strong></span> <span class='ocrx_word' id='word_1_63' title='bbox 386 1132 430 1196; x_wconf 89' lang='lat' dir='ltr'><strong>ad</strong></span> <span class='ocrx_word' id='word_1_64' title='bbox 462 1153 655 1196; x_wconf 88' lang='lat' dir='ltr'><strong>consensum</strong></span> <span class='ocrx_word' id='word_1_65' title='bbox 693 1130 924 1195; x_wconf 88' lang='lat' dir='ltr'><strong>Dioecesanum</strong></span> <span class='ocrx_word' id='word_1_66' title='bbox 963 1127 1161 1192; x_wconf 88' lang='lat' dir='ltr'><strong>Antistiteru</strong></span> <span class='ocrx_word' id='word_1_67' title='bbox 1174 1116 1314 1231; x_wconf 32' lang='lat' dir='ltr'><strong>affige·</strong></span> 
     </span>
    </p>
   </div>
   <div class='ocr_carea' id='block_1_8' title="bbox 72 1229 1161 1420">
    <p class='ocr_par' dir='ltr' id='par_1_8' title="bbox 72 1229 1161 1420">
     <span class='ocr_line' id='line_1_11' title="bbox 73 1229 1161 1319; baseline 0 -25"><span class='ocrx_word' id='word_1_68' title='bbox 73 1231 273 1298; x_wconf 74' lang='lat' dir='ltr'><strong>emollivit.</strong></span> <span class='ocrx_word' id='word_1_69' title='bbox 320 1232 409 1319; x_wconf 88' lang='lat' dir='ltr'><strong>Erga</strong></span> <span class='ocrx_word' id='word_1_70' title='bbox 444 1231 638 1318; x_wconf 82' lang='lat' dir='ltr'><strong>Capitulum</strong></span> <span class='ocrx_word' id='word_1_71' title='bbox 674 1231 809 1316; x_wconf 81' lang='lat' dir='ltr'><strong>insuper</strong></span> <span class='ocrx_word' id='word_1_72' title='bbox 832 1229 1057 1294; x_wconf 89' lang='lat' dir='ltr'><strong>Dunelmense</strong></span> <span class='ocrx_word' id='word_1_73' title='bbox 1080 1229 1161 1294; x_wconf 91' lang='lat' dir='ltr'><strong>adeo</strong></span> 
     </span>
     <span class='ocr_line' id='line_1_12' title="bbox 72 1330 1161 1420; baseline -0.004 -22"><span class='ocrx_word' id='word_1_74' title='bbox 72 1350 175 1398; x_wconf 76' lang='lat' dir='ltr'><strong>eum</strong></span> <span class='ocrx_word' id='word_1_75' title='bbox 198 1354 269 1398; x_wconf 93' lang='lat' dir='ltr'><strong>non</strong></span> <span class='ocrx_word' id='word_1_76' title='bbox 291 1334 403 1420; x_wconf 81' lang='lat' dir='ltr'><strong>paucis</strong></span> <span class='ocrx_word' id='word_1_77' title='bbox 433 1332 580 1399; x_wconf 87' lang='lat' dir='ltr'><strong>¹institit</strong></span> <span class='ocrx_word' id='word_1_78' title='bbox 602 1333 799 1419; x_wconf 89' lang='lat' dir='ltr'><strong>sumptibus,</strong></span> <span class='ocrx_word' id='word_1_79' title='bbox 823 1336 863 1395; x_wconf 88' lang='lat' dir='ltr'><strong>ut</strong></span> <span class='ocrx_word' id='word_1_80' title='bbox 897 1331 998 1396; x_wconf 85' lang='lat' dir='ltr'><strong>etism</strong></span> <span class='ocrx_word' id='word_1_81' title='bbox 1032 1330 1161 1396; x_wconf 82' lang='lat' dir='ltr'><strong>litteras</strong></span> 
     </span>
    </p>
   </div>
   <div class='ocr_carea' id='block_1_9' title="bbox 75 1431 1328 1522">
    <p class='ocr_par' dir='ltr' id='par_1_9' title="bbox 75 1431 1328 1522">
     <span class='ocr_line' id='line_1_13' title="bbox 75 1431 1328 1522; baseline -0.004 -23"><span class='ocrx_word' id='word_1_82' title='bbox 75 1433 138 1500; x_wconf 85' lang='lat' dir='ltr'><strong>de</strong></span> <span class='ocrx_word' id='word_1_83' title='bbox 164 1456 326 1501; x_wconf 85' lang='lat' dir='ltr'><strong>consensu</strong></span> <span class='ocrx_word' id='word_1_84' title='bbox 358 1435 507 1522; x_wconf 80' lang='lat' dir='ltr'><strong>Capituli</strong></span> <span class='ocrx_word' id='word_1_85' title='bbox 540 1434 715 1500; x_wconf 90' lang='lat' dir='ltr'><strong>obtineret.</strong></span> <span class='ocrx_word' id='word_1_86' title='bbox 762 1434 808 1499; x_wconf 86' lang='lat' dir='ltr'><strong>Et</strong></span> <span class='ocrx_word' id='word_1_87' title='bbox 839 1433 918 1519; x_wconf 88' lang='lat' dir='ltr'><strong>quia</strong></span> <span class='ocrx_word' id='word_1_88' title='bbox 951 1433 993 1497; x_wconf 89' lang='lat' dir='ltr'><strong>ad</strong></span> <span class='ocrx_word' id='word_1_89' title='bbox 1027 1431 1161 1498; x_wconf 85' lang='lat' dir='ltr'><strong>Curiam</strong></span> <span class='ocrx_word' id='word_1_90' title='bbox 1173 1441 1328 1494; x_wconf 79' lang='lat' dir='ltr'><strong>Heobaains</strong></span> 
     </span>
    </p>
   </div>
   <div class='ocr_carea' id='block_1_10' title="bbox 77 1509 1297 1626">
    <p class='ocr_par' dir='ltr' id='par_1_10' title="bbox 77 1509 1297 1626">
     <span class='ocr_line' id='line_1_14' title="bbox 77 1509 1297 1626; baseline 0.002 -25"><span class='ocrx_word' id='word_1_91' title='bbox 77 1531 341 1602; x_wconf 83' lang='lat' dir='ltr'><strong>Eboraoensem</strong></span> <span class='ocrx_word' id='word_1_92' title='bbox 364 1559 423 1623; x_wconf 93' lang='lat' dir='ltr'><strong>pro</strong></span> <span class='ocrx_word' id='word_1_93' title='bbox 445 1536 580 1624; x_wconf 87' lang='lat' dir='ltr'><strong>negotio</strong></span> <span class='ocrx_word' id='word_1_94' title='bbox 603 1535 832 1623; x_wconf 86' lang='lat' dir='ltr'><strong>appellabatur</strong></span> <span class='ocrx_word' id='word_1_95' title='bbox 855 1534 1001 1611; x_wconf 90' lang='lat' dir='ltr'><strong>tuitorio,</strong></span> <span class='ocrx_word' id='word_1_96' title='bbox 1032 1533 1160 1599; x_wconf 86' lang='lat' dir='ltr'><strong>litteras</strong></span> <span class='ocrx_word' id='word_1_97' title='bbox 1173 1509 1297 1626; x_wconf 52' lang='lat' dir='ltr'><strong>ffissntffif</strong></span> 
     </span>
    </p>
   </div>
   <div class='ocr_carea' id='block_1_11' title="bbox 77 1634 1310 1724">
    <p class='ocr_par' dir='ltr' id='par_1_11' title="bbox 77 1634 1310 1724">
     <span class='ocr_line' id='line_1_15' title="bbox 77 1634 1310 1724; baseline 0.003 -22"><span class='ocrx_word' id='word_1_98' title='bbox 77 1636 256 1703; x_wconf 84' lang='lat' dir='ltr'><strong>officiales</strong></span> <span class='ocrx_word' id='word_1_99' title='bbox 290 1639 388 1704; x_wconf 88' lang='lat' dir='ltr'><strong>dictae</strong></span> <span class='ocrx_word' id='word_1_100' title='bbox 424 1637 533 1704; x_wconf 89' lang='lat' dir='ltr'><strong>Curiae</strong></span> <span class='ocrx_word' id='word_1_101' title='bbox 567 1659 626 1724; x_wconf 92' lang='lat' dir='ltr'><strong>pro</strong></span> <span class='ocrx_word' id='word_1_102' title='bbox 658 1636 877 1700; x_wconf 84' lang='lat' dir='ltr'><strong>ratificatione</strong></span> <span class='ocrx_word' id='word_1_103' title='bbox 915 1634 1041 1720; x_wconf 90' lang='lat' dir='ltr'><strong>negotii</strong></span> <span class='ocrx_word' id='word_1_104' title='bbox 1073 1634 1310 1706; x_wconf 70' lang='lat' dir='ltr'><strong>inter-sechu-</strong></span> 
     </span>
    </p>
   </div>
   <div class='ocr_carea' id='block_1_12' title="bbox 76 1716 1296 2141">
    <p class='ocr_par' dir='ltr' id='par_1_12' title="bbox 76 1716 1217 1926">
     <span class='ocr_line' id='line_1_16' title="bbox 76 1716 1217 1823; baseline -0.003 -18"><span class='ocrx_word' id='word_1_105' title='bbox 76 1742 220 1823; x_wconf 67' lang='lat' dir='ltr'><strong>partes</strong></span> <span class='ocrx_word' id='word_1_106' title='bbox 260 1744 294 1804; x_wconf 89' lang='lat' dir='ltr'><strong>et</strong></span> <span class='ocrx_word' id='word_1_107' title='bbox 326 1762 433 1805; x_wconf 70' lang='lat' dir='ltr'><strong>causae</strong></span> <span class='ocrx_word' id='word_1_108' title='bbox 467 1739 695 1816; x_wconf 88' lang='lat' dir='ltr'><strong>subductione,</strong></span> <span class='ocrx_word' id='word_1_109' title='bbox 728 1737 840 1802; x_wconf 78' lang='lat' dir='ltr'><strong>Abbas</strong></span> <span class='ocrx_word' id='word_1_110' title='bbox 878 1736 1085 1822; x_wconf 88' lang='lat' dir='ltr'><strong>impetravit,</strong></span> <span class='ocrx_word' id='word_1_111' title='bbox 1125 1716 1217 1803; x_wconf 44' lang='grc' dir='ltr'><strong>αἶρ’·</strong></span> 
     </span>
     <span class='ocr_line' id='line_1_17' title="bbox 79 1839 522 1926; baseline 0.002 -21"><span class='ocrx_word' id='word_1_112' title='bbox 79 1839 253 1907; x_wconf 86' lang='lat' dir='ltr'><strong>obtinuit</strong></span> <span class='ocrx_word' id='word_1_113' title='bbox 275 1847 522 1926; x_wconf 87' lang='lat' dir='ltr'><strong>consequenter.</strong></span> 
     </span>
    </p>

    <p class='ocr_par' dir='ltr' id='par_1_13' title="bbox 82 1939 1296 2141">
     <span class='ocr_line' id='line_1_18' title="bbox 141 1939 1261 2028; baseline -0.004 -21"><span class='ocrx_word' id='word_1_114' title='bbox 141 1942 318 2009; x_wconf 78' lang='lat' dir='ltr'><strong>Pandente</strong></span> <span class='ocrx_word' id='word_1_115' title='bbox 357 1943 458 2008; x_wconf 87' lang='lat' dir='ltr'><strong>etiam</strong></span> <span class='ocrx_word' id='word_1_116' title='bbox 496 1943 557 2007; x_wconf 90' lang='lat' dir='ltr'><strong>lite</strong></span> <span class='ocrx_word' id='word_1_117' title='bbox 589 1942 678 2006; x_wconf 90' lang='lat' dir='ltr'><strong>inter</strong></span> <span class='ocrx_word' id='word_1_118' title='bbox 716 1944 835 2028; x_wconf 86' lang='lat' dir='ltr'><strong>partes,</strong></span> <span class='ocrx_word' id='word_1_119' title='bbox 874 1939 1032 2025; x_wconf 80' lang='lat' dir='ltr'><strong>praefatus</strong></span> <span class='ocrx_word' id='word_1_120' title='bbox 1074 1941 1159 2006; x_wconf 86' lang='lat' dir='ltr'><strong>Baro</strong></span> <span class='ocrx_word' id='word_1_121' title='bbox 1172 1944 1261 1996; x_wconf 82' lang='lat' dir='ltr'><strong>Abbot</strong></span> 
     </span>
     <span class='ocr_line' id='line_1_19' title="bbox 82 2011 1296 2141; baseline -0.002 -32"><span class='ocrx_word' id='word_1_122' title='bbox 82 2043 277 2129; x_wconf 87' lang='lat' dir='ltr'><strong>quemdam</strong></span> <span class='ocrx_word' id='word_1_123' title='bbox 301 2044 474 2121; x_wconf 47' lang='lat' dir='ltr'><strong>clericum?</strong></span> <span class='ocrx_word' id='word_1_124' title='bbox 488 2043 631 2108; x_wconf 93' lang='lat' dir='ltr'><strong>Domino</strong></span> <span class='ocrx_word' id='word_1_125' title='bbox 655 2043 739 2129; x_wconf 84' lang='lat' dir='ltr'><strong>Regi</strong></span> <span class='ocrx_word' id='word_1_126' title='bbox 762 2040 968 2121; x_wconf 88' lang='lat' dir='ltr'><strong>familiarem,</strong></span> <span class='ocrx_word' id='word_1_127' title='bbox 995 2041 1159 2119; x_wconf 85' lang='lat' dir='ltr'><strong>videlicet,</strong></span> <span class='ocrx_word' id='word_1_128' title='bbox 1173 2011 1296 2141; x_wconf 49' lang='lat' dir='ltr'><strong>mm</strong></span> 
     </span>
    </p>
   </div>
   <div class='ocr_carea' id='block_1_13' title="bbox 80 2141 1329 2333">
    <p class='ocr_par' dir='ltr' id='par_1_14' title="bbox 80 2141 1329 2333">
     <span class='ocr_line' id='line_1_20' title="bbox 85 2141 1329 2230; baseline -0.001 -21"><span class='ocrx_word' id='word_1_129' title='bbox 85 2141 285 2210; x_wconf 76' lang='lat' dir='ltr'><strong>Dominum</strong></span> <span class='ocrx_word' id='word_1_130' title='bbox 301 2146 506 2211; x_wconf 90' lang='lat' dir='ltr'><strong>Willelmum</strong></span> <span class='ocrx_word' id='word_1_131' title='bbox 523 2147 564 2211; x_wconf 90' lang='lat' dir='ltr'><strong>de</strong></span> <span class='ocrx_word' id='word_1_132' title='bbox 588 2145 744 2221; x_wconf 87' lang='lat' dir='ltr'><strong>Meltone,</strong></span> <span class='ocrx_word' id='word_1_133' title='bbox 763 2144 833 2230; x_wconf 88' lang='lat' dir='ltr'><strong>(qui</strong></span> <span class='ocrx_word' id='word_1_134' title='bbox 856 2149 971 2230; x_wconf 84' lang='lat' dir='ltr'><strong>postea</strong></span> <span class='ocrx_word' id='word_1_135' title='bbox 993 2145 1029 2209; x_wconf 90' lang='lat' dir='ltr'><strong>in</strong></span> <span class='ocrx_word' id='word_1_136' title='bbox 1044 2145 1159 2210; x_wconf 87' lang='lat' dir='ltr'><strong>Archi·</strong></span> <span class='ocrx_word' id='word_1_137' title='bbox 1172 2143 1215 2193; x_wconf 62' lang='lat'><strong>‘¹¹0</strong></span> <span class='ocrx_word' id='word_1_138' title='bbox 1228 2160 1329 2208; x_wconf 79' lang='lat' dir='ltr'><strong>presen-</strong></span> 
     </span>
     <span class='ocr_line' id='line_1_21' title="bbox 80 2211 1303 2333; baseline -0.002 -21"><span class='ocrx_word' id='word_1_139' title='bbox 80 2247 287 2333; x_wconf 70' lang='lat' dir='ltr'><strong>episcopum</strong></span> <span class='ocrx_word' id='word_1_140' title='bbox 311 2248 549 2313; x_wconf 83' lang='lat' dir='ltr'><strong>Eboracensem</strong></span> <span class='ocrx_word' id='word_1_141' title='bbox 581 2250 785 2312; x_wconf 86' lang='lat' dir='ltr'><strong>consecratus</strong></span> <span class='ocrx_word' id='word_1_142' title='bbox 811 2247 887 2330; x_wconf 90' lang='lat' dir='ltr'><strong>est‚)</strong></span> <span class='ocrx_word' id='word_1_143' title='bbox 916 2245 958 2309; x_wconf 90' lang='lat' dir='ltr'><strong>ad</strong></span> <span class='ocrx_word' id='word_1_144' title='bbox 985 2245 1157 2311; x_wconf 88' lang='lat' dir='ltr'><strong>ecclesiam</strong></span> <span class='ocrx_word' id='word_1_145' title='bbox 1170 2211 1303 2327; x_wconf 38' lang='lat' dir='ltr'><strong>mitre</strong></span> 
     </span>
    </p>
   </div>
   <div class='ocr_carea' id='block_1_14' title="bbox 85 2342 1316 2538">
    <p class='ocr_par' dir='ltr' id='par_1_15' title="bbox 85 2342 1316 2538">
     <span class='ocr_line' id='line_1_22' title="bbox 85 2342 1316 2457; baseline -0.007 -42"><span class='ocrx_word' id='word_1_146' title='bbox 85 2348 275 2435; x_wconf 75' lang='lat' dir='ltr'><strong>praefatam</strong></span> <span class='ocrx_word' id='word_1_147' title='bbox 303 2354 338 2414; x_wconf 88' lang='lat' dir='ltr'><strong>et</strong></span> <span class='ocrx_word' id='word_1_148' title='bbox 361 2349 542 2435; x_wconf 88' lang='lat' dir='ltr'><strong>litigiosam</strong></span> <span class='ocrx_word' id='word_1_149' title='bbox 581 2370 619 2413; x_wconf 89' lang='lat' dir='ltr'><strong>eo</strong></span> <span class='ocrx_word' id='word_1_150' title='bbox 649 2354 796 2433; x_wconf 90' lang='lat' dir='ltr'><strong>tempore</strong></span> <span class='ocrx_word' id='word_1_151' title='bbox 829 2347 1045 2432; x_wconf 82' lang='lat' dir='ltr'><strong>praesentavit</strong></span> <span class='ocrx_word' id='word_1_152' title='bbox 1057 2371 1065 2427; x_wconf 90' lang='lat'>;</span> <span class='ocrx_word' id='word_1_153' title='bbox 1104 2349 1156 2413; x_wconf 90' lang='lat' dir='ltr'><strong>cui</strong></span> <span class='ocrx_word' id='word_1_154' title='bbox 1171 2342 1316 2457; x_wconf 40' lang='lat' dir='ltr'>Gr²5⁸50k⁶</span> 
     </span>
     <span class='ocr_line' id='line_1_23' title="bbox 91 2423 1313 2538; baseline 0.007 -22"><span class='ocrx_word' id='word_1_155' title='bbox 91 2450 210 2517; x_wconf 84' lang='lat' dir='ltr'><strong>decem</strong></span> <span class='ocrx_word' id='word_1_156' title='bbox 234 2452 334 2517; x_wconf 88' lang='lat' dir='ltr'><strong>libras</strong></span> <span class='ocrx_word' id='word_1_157' title='bbox 358 2474 477 2518; x_wconf 82' lang='lat' dir='ltr'><strong>annuae</strong></span> <span class='ocrx_word' id='word_1_158' title='bbox 500 2451 668 2538; x_wconf 89' lang='lat' dir='ltr'><strong>pensionis</strong></span> <span class='ocrx_word' id='word_1_159' title='bbox 691 2449 806 2513; x_wconf 86' lang='lat' dir='ltr'><strong>Abbas</strong></span> <span class='ocrx_word' id='word_1_160' title='bbox 829 2448 995 2527; x_wconf 85' lang='lat' dir='ltr'><strong>concessit,</strong></span> <span class='ocrx_word' id='word_1_161' title='bbox 1010 2455 1050 2513; x_wconf 89' lang='lat' dir='ltr'><strong>ut</strong></span> <span class='ocrx_word' id='word_1_162' title='bbox 1073 2471 1156 2536; x_wconf 87' lang='lat' dir='ltr'><strong>prae·</strong></span> <span class='ocrx_word' id='word_1_163' title='bbox 1169 2423 1313 2537; x_wconf 54' lang='lat' dir='ltr'><strong>{loll-liubi</strong></span> 
     </span>
    </p>
   </div>
   <div class='ocr_carea' id='block_1_15' title="bbox 93 2544 1324 2659">
    <p class='ocr_par' dir='ltr' id='par_1_16' title="bbox 93 2544 1324 2659">
     <span class='ocr_line' id='line_1_24' title="bbox 93 2544 1324 2659; baseline 0.003 -41"><span class='ocrx_word' id='word_1_164' title='bbox 93 2553 279 2619; x_wconf 75' lang='lat' dir='ltr'><strong>sentationi</strong></span> <span class='ocrx_word' id='word_1_165' title='bbox 314 2575 381 2619; x_wconf 84' lang='lat' dir='ltr'><strong>suae</strong></span> <span class='ocrx_word' id='word_1_166' title='bbox 419 2554 553 2640; x_wconf 87' lang='lat' dir='ltr'><strong>penitus</strong></span> <span class='ocrx_word' id='word_1_167' title='bbox 592 2552 807 2617; x_wconf 87' lang='lat' dir='ltr'><strong>renunciaret.</strong></span> <span class='ocrx_word' id='word_1_168' title='bbox 878 2550 985 2630; x_wconf 80' lang='lat' dir='ltr'><strong>Quam</strong></span> <span class='ocrx_word' id='word_1_169' title='bbox 1022 2551 1154 2636; x_wconf 91' lang='lat' dir='ltr'><strong>quidem</strong></span> <span class='ocrx_word' id='word_1_170' title='bbox 1167 2544 1324 2659; x_wconf 47' lang='lat' dir='ltr'><strong>ssflfflffi</strong></span> 
     </span>
    </p>
   </div>
   <div class='ocr_carea' id='block_1_16' title="bbox 92 2651 1324 2742">
    <p class='ocr_par' dir='ltr' id='par_1_17' title="bbox 92 2651 1324 2742">
     <span class='ocr_line' id='line_1_25' title="bbox 92 2651 1324 2742; baseline 0.006 -23"><span class='ocrx_word' id='word_1_171' title='bbox 92 2656 297 2740; x_wconf 87' lang='lat' dir='ltr'><strong>pensionem,</strong></span> <span class='ocrx_word' id='word_1_172' title='bbox 321 2660 493 2742; x_wconf 87' lang='lat' dir='ltr'><strong>gratanter</strong></span> <span class='ocrx_word' id='word_1_173' title='bbox 520 2659 696 2740; x_wconf 88' lang='lat' dir='ltr'><strong>acceptam,</strong></span> <span class='ocrx_word' id='word_1_174' title='bbox 725 2652 853 2718; x_wconf 89' lang='lat' dir='ltr'><strong>cuidam</strong></span> <span class='ocrx_word' id='word_1_175' title='bbox 880 2651 1033 2730; x_wconf 88' lang='lat' dir='ltr'><strong>Henrico,</strong></span> <span class='ocrx_word' id='word_1_176' title='bbox 1058 2653 1154 2718; x_wconf 86' lang='lat' dir='ltr'><strong>fratri</strong></span> <span class='ocrx_word' id='word_1_177' title='bbox 1168 2674 1324 2726; x_wconf 74' lang='lat' dir='ltr'><strong>tmnssersto</strong></span> 
     </span>
    </p>
   </div>
   <div class='ocr_carea' id='block_1_17' title="bbox 96 2738 1324 2873">
    <p class='ocr_par' dir='ltr' id='par_1_18' title="bbox 96 2738 1324 2873">
     <span class='ocr_line' id='line_1_26' title="bbox 96 2738 1324 2873; baseline 0 -52"><span class='ocrx_word' id='word_1_178' title='bbox 96 2777 157 2821; x_wconf 87' lang='lat' dir='ltr'><strong>sno</strong></span> <span class='ocrx_word' id='word_1_179' title='bbox 179 2779 347 2844; x_wconf 83' lang='lat' dir='ltr'><strong>germano,</strong></span> <span class='ocrx_word' id='word_1_180' title='bbox 370 2757 520 2833; x_wconf 90' lang='lat' dir='ltr'><strong>contulit,</strong></span> <span class='ocrx_word' id='word_1_181' title='bbox 544 2756 688 2821; x_wconf 88' lang='lat' dir='ltr'><strong>Abbatis</strong></span> <span class='ocrx_word' id='word_1_182' title='bbox 703 2763 737 2821; x_wconf 88' lang='lat' dir='ltr'><strong>et</strong></span> <span class='ocrx_word' id='word_1_183' title='bbox 762 2754 954 2820; x_wconf 82' lang='lat' dir='ltr'><strong>Conventus</strong></span> <span class='ocrx_word' id='word_1_184' title='bbox 977 2775 1153 2821; x_wconf 88' lang='lat' dir='ltr'><strong>consensu:</strong></span> <span class='ocrx_word' id='word_1_185' title='bbox 1167 2738 1324 2873; x_wconf 47' lang='grc' dir='ltr'><strong>ξῗξᾙξέ</strong></span> 
     </span>
    </p>
   </div>
   <div class='ocr_carea' id='block_1_18' title="bbox 96 2856 1322 2945">
    <p class='ocr_par' dir='ltr' id='par_1_19' title="bbox 96 2856 1322 2945">
     <span class='ocr_line' id='line_1_27' title="bbox 96 2856 1322 2945; baseline 0.002 -23"><span class='ocrx_word' id='word_1_186' title='bbox 96 2876 197 2943; x_wconf 87' lang='lat' dir='ltr'><strong>qnam</strong></span> <span class='ocrx_word' id='word_1_187' title='bbox 228 2859 418 2945; x_wconf 89' lang='lat' dir='ltr'><strong>pensionem</strong></span> <span class='ocrx_word' id='word_1_188' title='bbox 449 2857 609 2945; x_wconf 86' lang='lat' dir='ltr'><strong>praefatus</strong></span> <span class='ocrx_word' id='word_1_189' title='bbox 632 2856 798 2921; x_wconf 90' lang='lat' dir='ltr'><strong>Henricus</strong></span> <span class='ocrx_word' id='word_1_190' title='bbox 827 2877 886 2942; x_wconf 90' lang='lat' dir='ltr'><strong>per</strong></span> <span class='ocrx_word' id='word_1_191' title='bbox 915 2856 1026 2943; x_wconf 88' lang='lat' dir='ltr'><strong>plures</strong></span> <span class='ocrx_word' id='word_1_192' title='bbox 1049 2879 1153 2923; x_wconf 89' lang='lat' dir='ltr'><strong>annos</strong></span> <span class='ocrx_word' id='word_1_193' title='bbox 1166 2872 1322 2941; x_wconf 78' lang='lat' dir='ltr'><strong>itsormmy</strong></span> 
     </span>
    </p>
   </div>
   <div class='ocr_carea' id='block_1_19' title="bbox 98 2950 1247 3044">
    <p class='ocr_par' dir='ltr' id='par_1_20' title="bbox 98 2950 1247 3044">
     <span class='ocr_line' id='line_1_28' title="bbox 98 2950 1247 3044; baseline 0 -21"><span class='ocrx_word' id='word_1_194' title='bbox 98 2958 253 3037; x_wconf 88' lang='lat' dir='ltr'><strong>obtinuit,</strong></span> <span class='ocrx_word' id='word_1_195' title='bbox 278 2960 402 3025; x_wconf 93' lang='lat' dir='ltr'><strong>Domui</strong></span> <span class='ocrx_word' id='word_1_196' title='bbox 424 2950 539 3026; x_wconf 82' lang='lat' dir='ltr'><strong>Sancti</strong></span> <span class='ocrx_word' id='word_1_197' title='bbox 562 2959 685 3024; x_wconf 87' lang='lat' dir='ltr'><strong>Albani</strong></span> <span class='ocrx_word' id='word_1_198' title='bbox 709 2958 890 3044; x_wconf 89' lang='lat' dir='ltr'><strong>plurimum</strong></span> <span class='ocrx_word' id='word_1_199' title='bbox 913 2980 1090 3024; x_wconf 85' lang='lat' dir='ltr'><strong>onerosam.</strong></span> <span class='ocrx_word' id='word_1_200' title='bbox 1166 2954 1247 3004; x_wconf 52' lang='grc' dir='ltr'><strong>ἴω·</strong></span> 
     </span>
    </p>
   </div>
   <div class='ocr_carea' id='block_1_20' title="bbox 99 3059 1322 3351">
    <p class='ocr_par' dir='ltr' id='par_1_21' title="bbox 99 3059 1322 3351">
     <span class='ocr_line' id='line_1_29' title="bbox 142 3059 1318 3148; baseline -0.003 -21"><span class='ocrx_word' id='word_1_201' title='bbox 142 3061 303 3127; x_wconf 86' lang='lat' dir='ltr'><strong>Concessa</strong></span> <span class='ocrx_word' id='word_1_202' title='bbox 325 3066 425 3127; x_wconf 86' lang='lat' dir='ltr'><strong>estet</strong></span> <span class='ocrx_word' id='word_1_203' title='bbox 447 3062 512 3126; x_wconf 85' lang='lat' dir='ltr'><strong>alia</strong></span> <span class='ocrx_word' id='word_1_204' title='bbox 535 3062 648 3148; x_wconf 88' lang='lat' dir='ltr'><strong>pensio</strong></span> <span class='ocrx_word' id='word_1_205' title='bbox 671 3065 805 3125; x_wconf 89' lang='lat' dir='ltr'><strong>centum</strong></span> <span class='ocrx_word' id='word_1_206' title='bbox 829 3059 1006 3125; x_wconf 88' lang='lat' dir='ltr'><strong>solidorum</strong></span> <span class='ocrx_word' id='word_1_207' title='bbox 1021 3061 1152 3125; x_wconf 89' lang='lat' dir='ltr'><strong>cuidam</strong></span> <span class='ocrx_word' id='word_1_208' title='bbox 1166 3066 1318 3144; x_wconf 72' lang='lat' dir='ltr'><strong>Pensiopof</strong></span> 
     </span>
     <span class='ocr_line' id='line_1_30' title="bbox 100 3133 1322 3263; baseline -0.001 -36"><span class='ocrx_word' id='word_1_209' title='bbox 100 3161 246 3227; x_wconf 78' lang='lat' dir='ltr'><strong>Galffido</strong></span> <span class='ocrx_word' id='word_1_210' title='bbox 270 3163 446 3241; x_wconf 87' lang='lat' dir='ltr'><strong>Edinham,</strong></span> <span class='ocrx_word' id='word_1_211' title='bbox 470 3164 592 3229; x_wconf 86' lang='lat' dir='ltr'><strong>vicario</strong></span> <span class='ocrx_word' id='word_1_212' title='bbox 615 3164 655 3228; x_wconf 91' lang='lat' dir='ltr'><strong>de</strong></span> <span class='ocrx_word' id='word_1_213' title='bbox 678 3162 877 3241; x_wconf 90' lang='lat' dir='ltr'><strong>Wodeborn,</strong></span> <span class='ocrx_word' id='word_1_214' title='bbox 903 3162 961 3247; x_wconf 90' lang='lat' dir='ltr'><strong>qui</strong></span> <span class='ocrx_word' id='word_1_215' title='bbox 994 3133 1322 3263; x_wconf 51' lang='lat' dir='ltr'><strong>perEpi-1¹5?„¹},⁸¹t¹,¹‚¹}he</strong></span> 
     </span>
     <span class='ocr_line' id='line_1_31' title="bbox 99 3264 1277 3351; baseline 0.001 -23"><span class='ocrx_word' id='word_1_216' title='bbox 99 3282 230 3351; x_wconf 85' lang='lat' dir='ltr'><strong>scopum</strong></span> <span class='ocrx_word' id='word_1_217' title='bbox 246 3264 503 3330; x_wconf 89' lang='lat' dir='ltr'><strong>Dunelmensem</strong></span> <span class='ocrx_word' id='word_1_218' title='bbox 517 3267 560 3330; x_wconf 87' lang='lat' dir='ltr'><strong>ad</strong></span> <span class='ocrx_word' id='word_1_219' title='bbox 575 3264 713 3331; x_wconf 87' lang='lat' dir='ltr'><strong>eandem</strong></span> <span class='ocrx_word' id='word_1_220' title='bbox 729 3264 906 3343; x_wconf 89' lang='lat' dir='ltr'><strong>ecclesiam,</strong></span> <span class='ocrx_word' id='word_1_221' title='bbox 922 3271 997 3350; x_wconf 85' lang='lat' dir='ltr'><strong>post</strong></span> <span class='ocrx_word' id='word_1_222' title='bbox 1011 3286 1151 3331; x_wconf 90' lang='lat' dir='ltr'><strong>semens-</strong></span> <span class='ocrx_word' id='word_1_223' title='bbox 1165 3265 1237 3314; x_wconf 72' lang='lat' dir='ltr'><strong>vicar</strong></span> <span class='ocrx_word' id='word_1_224' title='bbox 1246 3266 1277 3314; x_wconf 83' lang='lat' dir='ltr'><strong>0f</strong></span> 
     </span>
    </p>
   </div>
   <div class='ocr_carea' id='block_1_21' title="bbox 100 3330 1319 3453">
    <p class='ocr_par' dir='ltr' id='par_1_22' title="bbox 100 3330 1319 3453">
     <span class='ocr_line' id='line_1_32' title="bbox 100 3330 1319 3453; baseline -0.029 -17"><span class='ocrx_word' id='word_1_225' title='bbox 100 3367 149 3431; x_wconf 70' lang='lat' dir='ltr'><strong>tre</strong></span> <span class='ocrx_word' id='word_1_226' title='bbox 170 3372 313 3453; x_wconf 90' lang='lat' dir='ltr'><strong>tempus,</strong></span> <span class='ocrx_word' id='word_1_227' title='bbox 331 3367 438 3432; x_wconf 87' lang='lat' dir='ltr'><strong>fuerat</strong></span> <span class='ocrx_word' id='word_1_228' title='bbox 459 3372 685 3453; x_wconf 75' lang='lat' dir='ltr'><strong>praesentatus.</strong></span> <span class='ocrx_word' id='word_1_229' title='bbox 1165 3330 1319 3383; x_wconf 75' lang='lat' dir='ltr'><strong>worehom,</strong></span> 
     </span>
    </p>
   </div>
   <div class='ocr_carea' id='block_1_22' title="bbox 217 3551 1029 3641">
    <p class='ocr_par' dir='ltr' id='par_1_23' title="bbox 217 3551 1029 3641">
     <span class='ocr_line' id='line_1_33' title="bbox 217 3551 1029 3641; baseline -0.004 -19"><span class='ocrx_word' id='word_1_230' title='bbox 217 3552 444 3622; x_wconf 78' lang='lat' dir='ltr'><strong>Coutiouotio</strong></span> <span class='ocrx_word' id='word_1_231' title='bbox 468 3552 623 3620; x_wconf 75' lang='lat' dir='ltr'><strong>materies</strong></span> <span class='ocrx_word' id='word_1_232' title='bbox 636 3551 797 3641; x_wconf 75' lang='lat' dir='ltr'><strong>proxime</strong></span> <span class='ocrx_word' id='word_1_233' title='bbox 819 3560 1029 3640; x_wconf 69' lang='lat' dir='ltr'><strong>prenotate.</strong></span> 
     </span>
    </p>
   </div>
   <div class='ocr_carea' id='block_1_23' title="bbox 141 3687 1289 3757">
    <p class='ocr_par' dir='ltr' id='par_1_24' title="bbox 141 3687 1289 3757">
     <span class='ocr_line' id='line_1_34' title="bbox 141 3687 1289 3757; baseline 0 0"><span class='ocrx_word' id='word_1_234' title='bbox 141 3688 227 3757; x_wconf 88' lang='lat' dir='ltr'><strong>Cum</strong></span> <span class='ocrx_word' id='word_1_235' title='bbox 263 3688 376 3753; x_wconf 86' lang='lat' dir='ltr'><strong>Abbss</strong></span> <span class='ocrx_word' id='word_1_236' title='bbox 411 3694 446 3754; x_wconf 92' lang='lat' dir='ltr'><strong>et</strong></span> <span class='ocrx_word' id='word_1_237' title='bbox 481 3689 673 3755; x_wconf 80' lang='lat' dir='ltr'><strong>Conventus</strong></span> <span class='ocrx_word' id='word_1_238' title='bbox 707 3688 748 3753; x_wconf 91' lang='lat' dir='ltr'><strong>de</strong></span> <span class='ocrx_word' id='word_1_239' title='bbox 787 3687 909 3753; x_wconf 88' lang='lat' dir='ltr'><strong>Sancto</strong></span> <span class='ocrx_word' id='word_1_240' title='bbox 941 3687 1072 3752; x_wconf 87' lang='lat' dir='ltr'><strong>Albano</strong></span> <span class='ocrx_word' id='word_1_241' title='bbox 1106 3687 1149 3752; x_wconf 87' lang='lat' dir='ltr'><strong>ab</strong></span> <span class='ocrx_word' id='word_1_242' title='bbox 1163 3691 1289 3757; x_wconf 59' lang='grc' dir='ltr'><strong>ΑΜ]</strong></span> 
     </span>
    </p>
   </div>
   <div class='ocr_carea' id='block_1_24' title="bbox 100 3758 1324 3887">
    <p class='ocr_par' dir='ltr' id='par_1_25' title="bbox 100 3758 1324 3887">
     <span class='ocr_line' id='line_1_35' title="bbox 100 3758 1324 3887; baseline -0.038 -34"><span class='ocrx_word' id='word_1_243' title='bbox 100 3788 173 3857; x_wconf 89' lang='lat' dir='ltr'><strong>olim</strong></span> <span class='ocrx_word' id='word_1_244' title='bbox 207 3790 410 3856; x_wconf 84' lang='lat' dir='ltr'><strong>tenebantur</strong></span> <span class='ocrx_word' id='word_1_245' title='bbox 447 3791 484 3855; x_wconf 90' lang='lat' dir='ltr'><strong>in</strong></span> <span class='ocrx_word' id='word_1_246' title='bbox 517 3790 659 3876; x_wconf 86' lang='lat' dir='ltr'><strong>quodam</strong></span> <span class='ocrx_word' id='word_1_247' title='bbox 694 3811 805 3855; x_wconf 89' lang='lat' dir='ltr'><strong>annua</strong></span> <span class='ocrx_word' id='word_1_248' title='bbox 843 3789 999 3876; x_wconf 87' lang='lat' dir='ltr'><strong>pensione</strong></span> <span class='ocrx_word' id='word_1_249' title='bbox 1038 3788 1148 3854; x_wconf 86' lang='lat' dir='ltr'><strong>decem</strong></span> <span class='ocrx_word' id='word_1_250' title='bbox 1162 3758 1324 3887; x_wconf 52' lang='lat' dir='ltr'><strong>ffiffigr</strong></span> 
     </span>
    </p>
   </div>
   <div class='ocr_carea' id='block_1_25' title="bbox 993 3952 1150 3963">
    <p class='ocr_par' dir='ltr' id='par_1_26' title="bbox 993 3952 1150 3963">
     <span class='ocr_line' id='line_1_36' title="bbox 993 3952 1150 3963; baseline 0.013 -2"><span class='ocrx_word' id='word_1_251' title='bbox 993 3952 1125 3963; x_wconf 49' lang='grc' dir='ltr'>..ω-</span> <span class='ocrx_word' id='word_1_252' title='bbox 1146 3958 1150 3963; x_wconf 96' lang='grc'><em>.</em></span> 
     </span>
    </p>
   </div>
   <div class='ocr_carea' id='block_1_26' title="bbox 517 4040 739 4095">
    <p class='ocr_par' dir='ltr' id='par_1_27' title="bbox 517 4040 739 4095">
     <span class='ocr_line' id='line_1_37' title="bbox 517 4040 739 4095; baseline 0.018 -5"><span class='ocrx_word' id='word_1_253' title='bbox 517 4040 524 4073; x_wconf 94' lang='lat'>¹</span> <span class='ocrx_word' id='word_1_254' title='bbox 537 4041 630 4091; x_wconf 69' lang='lat' dir='ltr'><strong>interit</strong></span> <span class='ocrx_word' id='word_1_255' title='bbox 641 4040 669 4091; x_wconf 94' lang='lat' dir='ltr'><strong>in</strong></span> <span class='ocrx_word' id='word_1_256' title='bbox 680 4041 739 4095; x_wconf 79' lang='lat' dir='ltr'><strong>MS.</strong></span> 
     </span>
    </p>
   </div>
   <div class='ocr_carea' id='block_1_27' title="bbox 0 0 1542 5452">
    <p class='ocr_par' dir='ltr' id='par_1_28' title="bbox 0 0 1542 5452">
     <span class='ocr_line' id='line_1_38' title="bbox 0 0 1542 5452; baseline 0 0"><span class='ocrx_word' id='word_1_257' title='bbox 0 0 1542 5452; x_wconf 95' lang='lat' dir='ltr'><strong> </strong></span> 
     </span>
    </p>
   </div>
  </div>
 </body>
</html>
