3038 5452
352 723 418 786 316
730 739 839 788 amaa
859 739 1025 791 nummu

202 928 322 994 michael,
352 927 439 1002 ante,
471 923 616 989 fruentes
648 946 707 990 suo
739 925 843 1004 libito,
868 948 935 992 non
961 926 1032 992 sine
1057 928 1222 1008 scandalo,
1244 928 1402 995 vixerunt

214 997 311 1123 Am,
351 1023 504 1090 licentius
527 1049 625 1112 quam
648 1026 821 1106 debebant,
839 1033 908 1093 tam
932 1036 1048 1095 contra
1070 1029 1288 1109 honestatem,
1302 1052 1401 1116 quam

227 1129 296 1180 M)-
351 1127 536 1194 animarum
558 1151 690 1195 suarum
714 1130 864 1198 salutem.

203 1200 323 1303 ¹³3⁵:st
396 1231 513 1297 uaiaa
540 1237 574 1297 a
598 1232 864 1299 Constitutione
894 1232 1213 1301 sacaimonauaus
1245 1234 1288 1302 ae
1319 1236 1399 1322 aaa

183 1328 244 1380 Anu
251 1331 290 1380 for
297 1330 340 1382 ¹¹¹0
351 1334 453 1417 welle,
476 1359 551 1423 quae
572 1336 789 1402 observantur
812 1337 970 1404 hactenus
991 1340 1081 1405 inter
1102 1336 1200 1406 illas.l

184 1397 289 1447 nunsof

183 1462 314 1528 Sopveue.
349 1508 421 1577 zDe
451 1510 548 1596 falso
584 1511 764 1577 colocando
787 1511 934 1579 'warato
975 1514 1169 1591 Geuta'lcora,
1200 1522 1230 1580 et
1266 1513 1401 1582 rottooae

438 1612 620 1697 cujusdam
649 1613 874 1698 obligationis,
902 1622 978 1701 post
1011 1615 1216 1683 solutionem
1243 1617 1398 1703 pecunia

437 1734 508 1780 uon
529 1714 761 1793 auiditatem
785 1723 929 1784 cassatae.

180 1902 269 1953 Abbot
391 1878 606 1965 Temporibus
627 1880 872 1966 praedecessoris
894 1879 993 1965 hujus
1011 1879 1161 1958 abbatis,
1180 1880 1326 1961 Rieasdi,
1349 1883 1398 1946 vi·

179 1968 335 2086 {diffide
347 1979 473 2061 delicet,
497 1981 538 2046 de
554 1981 814 2068 Walyngfordia,
837 2003 912 2047 cum
933 1982 1132 2068 indiguisset
1154 1989 1302 2070 argento,
1324 1990 1397 2049 octo

179 2053 318 2153 cordatius
346 2105 454 2149 saccos
477 2085 563 2149 lanae
593 2084 744 2149 vendidit
767 2084 802 2148 in
826 2083 944 2170 hyeme
975 2083 1110 2150 Thomas
1137 2084 1335 2171 Gentylcors
1364 2094 1398 2152 et

178 2168 329 2300 ξζῗζὲἓοξῖ
349 2182 504 2248 Oristinae
527 2181 630 2259 Puffe,
655 2185 752 2247 uxori
783 2182 938 2267 ejusdem,
970 2205 1039 2269 prae
1069 2184 1241 2265 manibus;
1274 2185 1398 2251 iaciens

178 2309 205 2351 to
216 2275 323 2354 deliver'
347 2284 469 2349 eisdem
493 2285 728 2371 obligationem
753 2285 794 2349 de
826 2285 976 2351 ducentis
998 2285 1099 2363 libris,
1131 2285 1167 2350 in
1190 2309 1257 2375 qua
1278 2296 1396 2354 semet

177 2369 455 2501 fflpwipsum
478 2392 512 2452 et
535 2387 774 2453 Monasterium
797 2385 968 2474 obligavit,
985 2387 1014 2452 si
1037 2410 1104 2453 non
1126 2389 1269 2455 solveret
1293 2390 1397 2456 dictas

177 2500 305 2579 desuye
346 2488 438 2554 lanas
472 2490 555 2555 citra
593 2488 731 2554 Festum
767 2489 880 2554 Sancti
917 2489 1093 2567 Michaelis,
1128 2496 1210 2556 tunc
1244 2492 1396 2578 proximo

177 2576 272 2686 ξ-ζὲω
345 2593 503 2657 futurum.
566 2591 676 2678 Igitur
711 2590 872 2656 Ricardus
910 2591 1034 2672 Abbas,
1073 2596 1224 2658 metuens
1262 2598 1394 2660 tantum

345 2695 511 2759 incurrere
534 2693 752 2779 dispendium,
775 2694 876 2758 solvit
899 2693 1005 2758 dictas
1027 2693 1119 2758 lanas
1146 2695 1234 2760 infra
1265 2701 1394 2785 tempus

176 2790 321 2868 Thaenae
344 2796 525 2862 limitatum
545 2796 667 2862 eisdem
683 2796 818 2862 Thomae
832 2802 868 2861 et
884 2795 1061 2875 Cristinae;
1078 2796 1137 2862 sed
1151 2803 1277 2879 tamen,
1299 2822 1396 2887 prop-

174 2859 333 2988 ilffiddm
344 2905 396 2966 ter
410 2899 655 2988 negligentiam,
671 2899 726 2963 vel
741 2920 843 2977 suam,
859 2898 914 2964 vel
929 2898 1155 2964 ministrorum
1172 2899 1251 2984 ejus,
1267 2901 1392 2968 dictum

174 2992 319 3111 &suffigi
342 3005 501 3090 scriptum
535 3001 768 3098 obligatorium
806 3022 906 3088 penes
943 2991 1103 3067 Thomam
1140 3003 1325 3088 praefatum,
1361 3011 1394 3071 et

173 3129 297 3179 marnoa.
341 3128 477 3172 uxorem
500 3105 578 3191 ejus
600 3103 765 3168 remansit.

174 3217 262 3268 Abbot
387 3208 467 3273 Post
489 3212 629 3271 mortem
654 3228 729 3292 ergo
757 3204 892 3269 Ricardi
914 3204 1058 3270 Abbatis
1082 3205 1223 3292 praefati,
1252 3207 1394 3275 Thomas

173 3283 294 3415 ffioel’
341 3317 375 3376 et
399 3310 546 3376 Cristina
567 3308 784 3372 minabantur
805 3306 948 3371 Domino
972 3307 1128 3373 Michaeli
1150 3307 1287 3388 Abbati,
1307 3313 1395 3397 quod

171 3416 314 3468 threatened
342 3413 482 3478 eundem
505 3411 776 3497 complacitarent
799 3430 859 3495 pro
882 3409 979 3473 dictis
1003 3409 1154 3475 ducentis
1177 3410 1280 3477 libris
1328 3415 1395 3495 Qui

171 3483 271 3613 {iffi
339 3514 520 3580 formidans
542 3513 686 3599 ipsorum
704 3511 911 3588 calumniam,
927 3515 970 3587 et,
995 3512 1029 3575 in
1045 3512 1219 3598 ambiguis,
1235 3515 1394 3601 placitare

171 3625 297 3681 agreesto
340 3620 525 3706 diffugiens,
544 3619 679 3684 tandem
703 3617 896 3681 necessitate
920 3621 1059 3697 coactus,
1075 3619 1120 3682 ad
1135 3616 1195 3683 hoc
1217 3620 1395 3705 perductus

170 3683 327 3816 ffiiyapfly.
340 3733 399 3799 est,
422 3726 462 3786 ut
485 3722 682 3796 concederet,
706 3725 741 3784 et
764 3719 872 3805 sigillo
893 3720 1059 3783 communi
1082 3720 1237 3797 firmaret,
1260 3723 1392 3789 cuidam

170 3819 294 3883 mouchy
339 3824 505 3890 Willelmo
528 3823 608 3887 Puff
626 3844 772 3886 annuam
795 3821 984 3909 pensionem
1008 3821 1129 3907 viginti
1152 3807 1341 3902 solidorum,
1358 3833 1392 3892 et

169 3885 282 4016 mpii.
339 3950 440 3994 unam
470 3926 584 3991 robam
618 3925 659 3989 de
693 3930 781 3989 secta
815 3922 1014 3999 clericorum,
1039 3923 1093 3987 vel
1116 3924 1239 4009 viginti
1271 3927 1392 3994 solidos

168 4017 240 4071 ΜΘ·
338 4055 397 4120 pro
427 4030 549 4107 eadem,
578 4049 745 4113 quousque
777 4049 836 4113 per
857 4025 1024 4090 Abbatem
1055 4026 1194 4112 praefato
1224 4026 1392 4096 Willelmo

169 4131 211 4210 (ξπ
227 4132 422 4201 usae-foret
445 4131 615 4221 provisum
645 4129 685 4194 de
712 4127 821 4214 aliquo
846 4126 1013 4205 beneficio,
1036 4127 1125 4212 quod
1152 4128 1240 4193 idem
1264 4128 1391 4198 Willel·

168 4200 312 4330 dtillgliddi
336 4261 410 4303 mus
432 4258 490 4324 Per
519 4255 553 4300 ΒΘ
584 4234 718 4297 dueerel
745 4231 987 4318 acceptandum.
1034 4229 1079 4294 Et
1102 4252 1175 4294 cum
1200 4231 1251 4296 ita
1274 4254 1391 4301 conve·

369 4453 374 4484 ¹
389 4453 414 4501 A
425 4451 502 4501 blank
513 4465 587 4516 space
598 4448 620 4497 is
631 4448 676 4498 left
684 4447 744 4496 herc
758 4445 785 4495 in
798 4446 840 4495 the
862 4446 865 4457 ‘
887 4446 964 4495 found
982 4444 1010 4494 in
1029 4445 1071 4494 the
1089 4446 1224 4510 Appendix
1242 4455 1269 4497 to
1281 4449 1325 4500 the
1336 4467 1390 4515 prc-

335 4532 390 4589 ΜΒ.
403 4531 459 4593 (fol.
471 4538 519 4580 222
528 4533 562 4592 a).
596 4528 652 4578 The
661 4526 841 4578 Constitutione
887 4531 942 4574 sent
952 4525 1070 4574 Volume.

335 4611 373 4660 for
389 4611 431 4660 the
449 4610 520 4659 Nuus
540 4609 570 4656 ol
590 4607 714 4670 sopwellc
732 4605 781 4655 and
799 4603 840 4653 tbc
920 4602 1003 4652 ²This
1014 4604 1109 4653 Rubn'c
1125 4604 1170 4655 bas
1193 4607 1255 4658 baua
1275 4611 1387 4674 supplied

334 4688 455 4738 Brethren
485 4687 513 4735 ol
534 4689 570 4737 St.
594 4685 710 4744 doliana,
729 4683 782 4732 will
811 4683 841 4732 be
864 4727 865 4732 ,
887 4684 912 4733 in
922 4683 963 4733 the
975 4683 1080 4748 margin,
1091 4683 1219 4736 inalater
1231 4687 1305 4738 hand.
