3038 5452
443 703 656 757 noussrrnn
675 703 799 754 seusu
822 700 959 753 masur
1185 691 1225 756 11

214 898 238 928 “
258 891 363 972 Item,
385 893 414 957 ei
436 893 558 959 electus
581 890 711 959 secessit
734 892 770 955 in
793 895 928 977 partem.
978 891 1033 956 Ad
1056 890 1143 976 quod
1165 889 1231 955 fuit
1249 908 1321 961 John
1331 908 1390 972 m,

153 1002 179 1031 “
208 1018 424 1083 responsum,
447 996 535 1081 quod
557 996 610 1061 sic.
657 996 708 1060 Ac
730 996 862 1080 quando
884 993 1157 1080 compromissarii
1180 993 1231 1058 sui
1275 976 1372 1104 ffiu

154 1107 180 1134 “
211 1099 261 1164 de
298 1100 371 1185 ipso
393 1100 586 1165 tractabant.
643 1098 699 1162 Ad
721 1099 809 1183 quod
830 1096 896 1161 fuit
919 1119 1120 1184 responsum,
1143 1096 1230 1184 quod
1244 1109 1387 1228 mrfflm

155 1211 182 1239 “
211 1203 278 1267 eia
1390 1212 1398 1228 ⁸

215 1314 237 1340 “
257 1304 358 1383 Item,
388 1303 417 1368 si
450 1308 528 1367 ante
559 1303 751 1368 electionem
774 1302 811 1367 in
833 1302 999 1368 communi
1022 1302 1229 1379 celebratam,

156 1417 183 1444 “
211 1407 401 1491 requisitus
431 1406 533 1471 fuerit
567 1427 718 1470 assensus
741 1404 821 1469 dieti
845 1404 948 1482 electi,
973 1405 1097 1491 pariter
1119 1411 1153 1472 et
1175 1406 1232 1470 ad·

159 1519 183 1546 “
212 1510 358 1574 hibitus
411 1508 467 1573 Ad
490 1508 579 1594 quod
601 1509 666 1574 fuit
696 1529 896 1594 responsum,
920 1509 1008 1594 quod
1032 1530 1100 1574 non
1122 1508 1234 1594 requi·

161 1620 188 1649 “
213 1613 309 1678 situs
330 1611 403 1690 fuit,
426 1632 486 1676 nec
508 1611 685 1676 adhibitus.

218 1722 241 1750 “
259 1714 358 1794 Item,
378 1714 406 1778 si
432 1736 546 1780 omnes
568 1713 843 1799 compromissarii
866 1713 1045 1798 elegerunt,
1067 1719 1127 1781 aut
1148 1735 1233 1779 unus

166 1825 192 1855 “
217 1817 298 1882 vioe
320 1818 475 1882 omnium.
533 1818 587 1884 Ad
610 1816 698 1902 quod
722 1815 789 1880 fuit
812 1835 1012 1900 responsum,
1036 1815 1124 1901 quod
1146 1837 1234 1882 unus

165 1928 189 1956 “
220 1920 296 1985 vioe
320 1921 475 1984 omnium.

220 2029 243 2058 “
260 2022 360 2100 Item,
382 2021 411 2086 si
433 2021 492 2101 illi,
516 2023 575 2106 qui
598 2022 668 2087 vice
690 2021 838 2086 omnium
853 2020 963 2107 elegit,
978 2022 1145 2089 attributa
1167 2022 1233 2088 fuit

168 2135 189 2163 ‘⁴
216 2148 243 2189 a
265 2123 556 2210 compromissariis
589 2125 656 2189 suis
689 2123 831 2210 eligendi
855 2128 1011 2209 potestas.
1067 2125 1123 2191 Ad
1145 2125 1233 2211 quod

168 2237 190 2266 “
217 2227 291 2292 fuit
314 2248 515 2313 responsum,
531 2226 620 2312 quod
642 2226 708 2305 sio;
731 2232 830 2312 prout
845 2231 987 2292 testatur
1009 2227 1122 2294 littora
1136 2250 1233 2315 super

169 2339 191 2369 “
218 2330 287 2395 hoc
309 2328 465 2405 confecta,
490 2328 598 2415 sigillo
623 2328 769 2415 Capituli
793 2328 948 2414 sigillata.

225 2439 245 2466 “
269 2431 367 2507 Item,
399 2430 428 2494 si
458 2430 647 2515 hujusmodi
679 2424 888 2516 potestatem,
925 2431 991 2496 sibi
1023 2432 1234 2511 attributam,

173 2544 198 2578 ‘⁶
225 2538 420 2602 reverenter
441 2533 593 2618 suscepit.
648 2532 703 2598 Ad
725 2532 813 2617 quod
836 2533 901 2598 fnit
925 2556 1125 2621 responsum,
1145 2537 1232 2622 quod

172 2644 195 2675 “
222 2637 279 2701 sie

229 2746 246 2772 “
270 2737 366 2815 Item,
389 2737 418 2803 si
441 2757 553 2802 omnes
576 2736 849 2823 compromissarii
872 2738 970 2805 dictae
993 2739 1145 2805 electioni
1159 2761 1233 2805 con-

176 2851 200 2879 “
227 2844 400 2905 senserunt
416 2845 450 2904 et
465 2839 738 2924 subscripserunt.
785 2838 840 2904 Ad
851 2841 940 2925 quod
954 2839 1020 2905 fuit
1033 2863 1233 2928 responsum,

176 2952 198 2981 ‘⁴
224 2942 315 3029 quod
337 2941 401 3021 sio;
424 2947 524 3028 prout
539 2942 575 3006 in
598 2941 740 3026 quedam
767 2939 903 3007 ¹sodula
925 2944 1122 3010 continetur.

228 3051 247 3079 “
271 3043 367 3124 Item,
398 3043 427 3110 ei
459 3043 583 3109 electus
616 3043 708 3130 prius
734 3042 888 3110 electioni
911 3045 952 3109 de
982 3068 1017 3110 se
1039 3045 1134 3112 factae
1157 3067 1233 3111 oon·

175 3158 196 3185 “
221 3147 336 3214 eenmt.
396 3146 452 3212 Ad
476 3145 564 3233 quod
594 3145 661 3211 fuit
686 3166 885 3230 responsum,
910 3146 998 3232 quod
1020 3152 1095 3232 poet
1125 3147 1234 3212 varias

174 3258 197 3289 ‘¹
222 3249 457 3336 requisitiones
490 3248 729 3313 instantissime
762 3246 875 3326 factas,
910 3248 1046 3316 tandem
1087 3249 1234 3314 omnium

176 3360 198 3390 “
223 3353 378 3417 devictus
400 3351 571 3428 instantia,
594 3372 691 3414 suum
714 3371 906 3416 consensum
928 3351 1092 3418 adhibuit.

225 3463 245 3489 “
271 3453 368 3532 Item,
402 3454 431 3518 si
453 3452 676 3518 incontinenti
707 3452 876 3538 publicata
903 3453 970 3518 fuit
991 3453 1116 3533 electio,
1147 3459 1235 3542 post

178 3567 200 3593 ‘⁴
224 3577 327 3642 quam
357 3555 423 3621 fuit
446 3555 637 3620 solemniter
675 3554 846 3622 celebrata
907 3555 963 3620 Ad
985 3557 1074 3643 quod
1097 3557 1164 3623 fuit
1185 3581 1235 3624 re-

177 3668 201 3698 “
224 3681 391 3746 sponsum,
415 3658 503 3744 quod
526 3659 579 3722 sic.

228 3769 249 3799 ‘⁸
274 3762 370 3840 Item,
398 3762 426 3826 si
450 3762 523 3825 Rex
546 3760 645 3826 dietae
671 3760 824 3825 electioni
846 3783 942 3825 suum
966 3785 1159 3828 consensum
1179 3766 1236 3828 ad·

179 3863 345 3929 “hibuit
406 3863 461 3926 Ad
488 3862 577 3948 quod
599 3862 665 3926 fuit
698 3884 898 3950 responsum,
922 3865 1011 3950 quod
1033 3866 1099 3946 eio;
1138 3872 1236 3953 prout

179 3977 199 4005 “
225 3969 372 4032 testatur
394 3963 464 4050 ejus
487 3964 608 4042 littera,
632 3985 729 4050 super
751 3964 812 4030 hoo
838 3965 991 4031 confecta.

229 4075 250 4102 “
274 4066 369 4143 Item,
394 4066 422 4130 ei
446 4067 568 4130 electus
591 4071 743 4152 tempore,
760 4065 929 4131 electionis
952 4073 1037 4133 esset
1051 4090 1236 4133 excommu-

183 4180 203 4208 “
227 4170 369 4247 nicetus,
392 4190 575 4253 suspensus,
598 4168 651 4230 vel
668 4168 872 4247 interdictus,
900 4175 960 4233 aut
984 4170 1027 4235 ab
1051 4192 1237 4235 excommu-

181 4283 202 4311 “
227 4273 357 4350 nicatis,
384 4271 556 4358 suspensis,
580 4270 632 4335 vel
663 4271 858 4349 interdictis,
881 4271 1009 4338 electus.
1071 4273 1126 4336 Ad
1149 4276 1237 4359 quod

181 4388 200 4416 “
224 4374 295 4441 fuit
315 4395 516 4461 responsum,
542 4372 631 4458 quod
656 4394 731 4437 non

191 4550 497 4570 ’βῆ-,μ
517 4550 558 4555 ἢκ
605 4550 628 4556 -
644 4551 658 4556 -
686 4552 732 4555 „w
852 4551 877 4556 v.
949 4553 957 4556 ,Α

356 4639 364 4670 ¹
375 4637 402 4689 Δ
413 4636 544 4688 mediove}
555 4637 620 4687 lom
630 4635 659 4687 of
666 4635 708 4686 the
717 4634 830 4687 elusim
841 4638 912 4686 word
922 4639 938 4666 ‘⁴
946 4636 1083 4690 romae?
