3038 5452
550 709 730 759 arrasum
757 694 819 779 (a.)
1159 698 1222 761 tos

165 896 187 921 ‘⁴
208 894 272 950 Nec
284 895 321 949 de
332 895 480 966 aliquibus
498 896 586 951 rebus
605 897 837 968 appropriandis,
852 895 899 951 vel
918 896 985 951 aliis
1005 897 1224 951 testamentaria

165 982 187 1006 “
208 979 419 1050 relinquendis,
439 980 502 1035 sins
520 980 737 1052 dispensatione
755 998 774 1035 a
790 979 928 1036 fratribus
947 997 1095 1045 concessa,
1116 997 1163 1035 me
1182 980 1225 1034 in·

165 1065 186 1090 ‘⁸
206 1064 379 1119 tromittam.
416 1062 540 1119 Omnem
558 1065 687 1135 speciem
708 1082 816 1128 usurae,
836 1069 977 1134 tauquam
1003 1069 1224 1120 monstruosum

168 1147 189 1175 ‘⁴
210 1152 240 1202 et
264 1147 327 1202 Deo
357 1146 476 1211 odibile,
505 1148 630 1204 studebo
653 1148 770 1219 plenius
797 1147 917 1203 evitare.
954 1146 1019 1203 Nec
1038 1165 1089 1204 ero
1107 1147 1139 1203 in
1158 1165 1226 1204 oon·

168 1233 189 1257 ‘⁸
210 1230 287 1294 silio,
306 1230 355 1285 vel
379 1231 487 1286 auxilio
511 1231 560 1287 vel
584 1249 681 1304 opere,
699 1249 752 1302 per
777 1248 941 1286 sermonem
960 1236 1011 1286 aut
1029 1230 1223 1296 voluntatem,

168 1316 264 1384 “per
291 1330 339 1367 me
376 1314 425 1369 vel
452 1314 554 1378 alium,
584 1314 663 1384 quod
697 1313 806 1386 aliquis
843 1314 1001 1385 aliquando
1029 1313 1137 1371 (iustos
1173 1332 1226 1370 seu

168 1396 354 1468 “Magister
379 1398 556 1469 praeliciatur
580 1398 705 1469 leprosis
724 1399 760 1454 de
778 1397 886 1454 Sancto
906 1397 926 1452 J
928 1397 1037 1464 uliano,
1059 1398 1118 1453 nisi
1137 1416 1225 1469 quem

168 1483 191 1508 “
210 1479 353 1536 Dominus
372 1480 472 1537 Abbas
490 1481 526 1536 de
546 1481 652 1538 Sancto
664 1481 779 1537 Albano
798 1481 949 1553 praefiosre
968 1481 1105 1537 voluerit.
1142 1482 1225 1538 (libis

169 1565 191 1591 ‘⁸
211 1569 241 1619 et
258 1564 385 1634 potibus,
404 1571 435 1620 et
452 1565 519 1620 aliis
540 1565 638 1630 rebus,
660 1565 734 1620 mihi
752 1582 805 1636 per
824 1563 1005 1636 Magistrum
1034 1565 1177 1636 porrectis
1196 1573 1227 1622 et

169 1648 192 1674 “
211 1646 357 1712 exhibitis,
378 1648 540 1704 secuudum
556 1667 645 1704 usum
662 1654 693 1704 et
710 1648 951 1704 consuetudinem
970 1648 1085 1714 domus,
1108 1655 1226 1705 couten-

170 1732 192 1758 “
210 1736 259 1786 tus
285 1748 335 1786 cro
360 1730 424 1786 sins
441 1731 495 1788 lite
513 1736 541 1787 et
557 1733 797 1787 murmuratione..
833 1729 930 1787 Metus
955 1731 1029 1786 mihi
1052 1734 1225 1788 constitutas

170 1816 192 1841 “
210 1831 268 1868 nou
286 1813 431 1884 egrediar,
451 1815 561 1886 absque
585 1815 706 1869 licentia
731 1813 853 1886 speciali
872 1815 1060 1885 superiorum
1080 1832 1224 1880 meorum,

171 1900 191 1925 ‘⁶
211 1903 360 1952 eteorum
378 1915 522 1953 consensu
534 1898 735 1953 etvoluutate.
773 1897 812 1951 Et
831 1896 857 1951 si
875 1897 1012 1953 inventus
1030 1898 1114 1952 fuero
1132 1904 1227 1954 traus-

172 1983 192 2009 “
211 1998 331 2051 grassor
343 1987 445 2037 contra
456 1983 586 2053 aliquem
605 1980 763 2037 articulum
782 1979 920 2050 superius
939 1985 1145 2051 praenotatum,
1158 1983 1225 2038 volo

172 2066 192 2092 “
212 2069 243 2119 et
259 2063 385 2120 concedo
397 2064 475 2136 quod
493 2065 636 2121 Dominus
655 2063 765 2131 Abbas,
778 2064 826 2120 vel
845 2064 881 2119 ab
903 2081 938 2119 eo
956 2064 1145 2130 substitutus,
1160 2083 1227 2137 pos·

173 2149 192 2174 ‘¹
212 2146 253 2202 sit
269 2165 315 2202 me
334 2147 448 2218 punire,
468 2148 628 2204 secundum
653 2147 825 2219 qualitatem
843 2152 873 2203 st
892 2147 1087 2218 quantitatem
1113 2146 1224 2215 delicti,

172 2231 193 2259 “
211 2236 299 2301 prout
316 2231 373 2286 sibi
384 2231 534 2288 videbitur
547 2232 653 2288 melius
672 2232 809 2303 expedire
823 2253 831 2297 3
851 2236 882 2286 et
893 2231 991 2296 etiam,
1005 2236 1146 2303 tanquam
1159 2249 1226 2304 apo·

173 2316 191 2342 ‘⁴
212 2319 316 2369 statam
336 2332 355 2370 a
376 2316 603 2388 congregatione
629 2316 753 2370 fratrum
771 2315 927 2386 projicere,
953 2315 1017 2370 sine
1043 2314 1144 2387 aliqua
1172 2333 1225 2387 spe

173 2400 193 2426 “
212 2398 407 2465 reversionis3
428 2405 548 2472 excepta
565 2399 683 2455 Domini
702 2398 826 2455 Abbatis
845 2398 943 2470 gratia
960 2397 1111 2470 speciali.”

207 2597 467 2668 Uaramcatam
488 2602 646 2680 Restm,
675 2622 735 2668 sea
761 2600 950 2688 Capeliani,
974 2599 1199 2686 Leprosorurn

440 2702 634 2789 Hospitalis
656 2703 779 2770 Sancti
800 2701 956 2768 Jaiiaui.

210 2847 304 2919 “Ego
321 2848 372 2914 N,
392 2848 508 2914 Custos,
529 2867 581 2905 seu
599 2850 718 2914 Raetos,
739 2848 869 2920 (lapella
888 2848 989 2904 Sancti
1009 2847 1131 2914 Juliani,
1142 2847 1227 2919 juxta

174 2931 194 2957 “
215 2929 355 2988 Sanctum
367 2930 526 2997 Albanum,
541 2938 683 3004 exempta
699 2931 916 3004 jurisdictionis
934 2931 1108 2987 Monasterii
1127 2931 1227 2985 Sancti

175 3016 195 3041 “
213 3012 331 3082 Albani,
351 3033 385 3070 ac
409 3015 586 3087 Oapellanus
613 3017 797 3088 leprosorum
823 3015 987 3086 Hospitalis
1015 3015 1134 3080 ibidem,
1158 3014 1227 3086 juro

175 3098 195 3124 “
215 3097 293 3167 quod
317 3097 456 3154 obediens
486 3117 537 3154 ero
560 3100 723 3155 venerabili
749 3098 842 3164 Patri,
869 3097 995 3152 Domino
1022 3098 1150 3162 Thomas,
1171 3096 1228 3151 Dei

175 3181 195 3208 ⁸‘
214 3181 320 3251 gratia,
340 3180 449 3237 Abbati
470 3182 642 3238 Monasterii
662 3182 763 3238 Sancti
781 3181 890 3236 Albani
907 3180 1053 3252 praedioti,
1073 3180 1227 3235 Archidia-

175 3265 195 3290 '‘
215 3280 286 3319 cono
304 3263 362 3319 loci
380 3263 522 3336 ejusdem,
543 3283 703 3337 eorumque
723 3264 943 3322 successoribus
961 3264 1099 3319 canonice
1118 3264 1228 3319 intrau-

175 3347 195 3373 “
215 3346 303 3412 tibus,
324 3353 354 3403 et
372 3347 505 3418 ipsorum
524 3349 684 3419 cujuslibet
701 3348 855 3412 ministris,
875 3347 907 3401 in
924 3347 1070 3403 canonicis
1089 3354 1120 3402 et
1136 3347 1227 3403 licitis

175 3431 195 3456 “
215 3430 376 3496 mandatis;
397 3432 535 3504 quodque
550 3433 629 3504 jura,
650 3432 817 3504 privilegia,
837 3438 868 3486 et
886 3430 1093 3502 exemptiones,
1113 3430 1228 3487 Consti-

175 3513 195 3541 “
216 3514 342 3569 tationes
362 3513 534 3584 synodales,
554 3515 666 3571 dudum
683 3533 737 3587 per
754 3514 937 3570 venerabiles
955 3514 1071 3581 iratres,
1096 3515 1227 3571 Abbates

176 3598 195 3622 ‘¹
215 3595 287 3652 dicti
315 3597 500 3663 Mouasterii,
520 3599 624 3663 editas,
645 3616 745 3655 omnes
764 3604 795 3654 et
813 3598 956 3668 singulas,
983 3616 1095 3654 necnon
1114 3598 1229 3656 Consti·

177 3680 196 3704 ‘¹
217 3680 353 3744 tationes,
368 3698 420 3735 seu
433 3679 648 3746 Ordinationes,
662 3700 756 3753 nuper
768 3698 821 3752 per
839 3681 923 3736 bona
940 3683 1087 3738 memoriae
1099 3683 1228 3739 Michae-

177 3763 196 3788 “
216 3760 285 3826 lem,
303 3762 449 3819 Abbatem
467 3764 640 3821 Monasterii
659 3765 831 3837 supradicti,
851 3765 947 3822 editas
966 3770 997 3822 et
1013 3766 1225 3837 promulgatae,

176 3845 195 3870 ‘⁶
215 3861 304 3916 super
322 3851 351 3901 et
369 3846 406 3901 de
424 3853 504 3903 statu
522 3852 552 3902 et
569 3850 714 3920 regimine
732 3850 888 3921 hospitalis
906 3849 1050 3922 praedicti,
1071 3855 1101 3904 et
1120 3849 1227 3919 degen-

177 3929 196 3954 “
216 3928 291 3983 tium
322 3929 354 3983 iu
383 3930 496 3996 eodem,
522 3937 666 4002 quatenus
691 3950 738 3988 me
766 3938 955 3997 concernunt,
981 3950 1035 3988 seu
1053 3949 1227 3988 concerpere

177 4013 196 4037 “
216 4018 356 4082 poterunt
375 4014 587 4085 quoquomodo,
602 4015 729 4071 fideliter
749 4017 919 4080 observabo,
934 4023 964 4070 et
981 4016 1018 4070 ab
1037 4015 1103 4071 aliis
1122 4015 1228 4071 faciam

177 4097 195 4121 ‘⁴
215 4112 269 4166 pro
280 4096 394 4152 viribus
407 4097 574 4153 observari:
595 4098 731 4169 dictaque
746 4098 825 4170 jura,
840 4098 1005 4169 privilegia,
1020 4098 1226 4169 exemptiones,

176 4179 196 4205 ⁴‘
218 4177 460 4244 constitutiones,
481 4198 535 4236 seu
550 4180 764 4247 Ordinationes,
778 4187 830 4237 aut
847 4180 967 4251 aliquod
985 4197 1095 4246 eorum,
1109 4181 1157 4238 vel
1175 4183 1228 4236 ali-

177 4264 196 4289 “
217 4280 305 4334 quem
323 4264 491 4330 eorimdem,
511 4265 679 4321 nullatenus
697 4265 885 4337 impugnabo,
904 4281 958 4320 nec
977 4265 1014 4322 ab
1032 4265 1099 4321 aliis
1122 4265 1228 4321 luciam

177 4347 435 4417 “quomodolibet
465 4347 643 4421 impugnari,
674 4365 728 4404 nec
753 4366 789 4404 ea
812 4348 860 4405 vel
888 4365 947 4414 ess,
977 4354 1028 4405 aut
1054 4367 1156 4405 eorum
1179 4348 1227 4405 vel

396 4603 403 4637 ¹
417 4603 480 4654 This
492 4603 560 4656 Oath
572 4603 593 4655 is
604 4612 649 4657 not
659 4603 736 4669 given
747 4605 774 4655 iu
785 4605 842 4658 MS.
854 4605 922 4657 Nero
933 4607 965 4658 D.
979 4605 995 4657 i.
