3038 5452
323 689 391 753 224
699 704 807 755 unsri
827 704 991 758 mauron

151 882 309 948 Richardll,
324 886 344 913 ‘⁴
362 884 574 957 oppressiones,
593 886 832 959 conspirationes,
847 906 946 945 rerum
963 888 1153 955 extorsiones,
1167 888 1284 955 damna,
1303 906 1369 961 gro·

204 951 266 1000 ²⁸²¹¹
324 972 343 996 “
362 970 487 1033 vamina,
507 970 660 1035 falsitates,
675 974 933 1043 transgressiones,
954 980 985 1028 et
1004 974 1078 1030 alios
1097 990 1245 1039 excessus,
1258 990 1368 1031 necnon

257 1120 264 1134 ·
324 1056 342 1079 “
362 1053 501 1118 roberius,
524 1054 655 1120 solonius,
670 1064 895 1127 receptamcnta,
918 1058 1048 1114 felonum
1067 1057 1313 1126 mutuandas,
1325 1057 1367 1113 di·

283 1188 291 1206 ,
323 1140 342 1163 “
361 1156 448 1193 versa
479 1139 620 1203 secernat,
649 1140 726 1194 undo
754 1142 868 1212 punitio
896 1142 996 1213 aliqua
1023 1142 1119 1197 adhuc
1145 1142 1282 1215 apposita
1311 1158 1368 1199 non

322 1225 340 1249 ‘⁶
360 1222 460 1278 existit
468 1223 586 1287 2-Nos,
608 1232 669 1279 tam
693 1243 746 1296 pro
770 1226 864 1291 nobis,
888 1244 977 1298 quam
997 1244 1051 1298 pro
1070 1226 1222 1298 predictis
1245 1225 1368 1283 bomini·

320 1308 340 1333 ‘⁸
358 1306 423 1371 bus,
445 1306 609 1362 remedium
629 1308 697 1363 inde
716 1309 822 1381 apponi
838 1311 969 1366 volentes
990 1310 1215 1382 ¹opportunum,
1238 1310 1368 1383 assigna·

320 1393 339 1417 “
358 1409 424 1447 mus
451 1410 513 1457 vos,
540 1398 610 1457 tres,
642 1393 690 1448 vel
714 1393 787 1450 duos
804 1400 946 1461 vestrum,
973 1393 1160 1450 Justiciarios
1184 1400 1302 1451 nostros
1329 1394 1367 1451 sd

319 1477 338 1502 “
356 1474 563 1547 inquirendum
582 1494 635 1548 por
653 1485 868 1533 sacramentum
885 1479 1041 1549 proborum
1058 1484 1089 1534 et
1105 1476 1253 1550 legalium
1275 1478 1366 1535 homi·

318 1561 337 1585 ‘⁴
356 1578 428 1614 num
446 1561 482 1616 de
500 1560 694 1617 comitatibus
718 1562 859 1625 Esscxioe,
878 1560 1067 1627 Hertfordioe,
1087 1560 1320 1635 cantebriggire,
1336 1568 1366 1618 et

319 1646 338 1671 ‘¹
357 1644 584 1715 Huntyndoniae,
604 1652 665 1701 tam
683 1646 760 1701 infra
777 1645 928 1701 libertates
947 1662 1036 1717 quam
1054 1648 1145 1710 extra,
1164 1662 1220 1717 per
1238 1644 1366 1717 quami

318 1729 467 1784 “veritas
492 1729 599 1785 melius
625 1729 695 1784 sciri
721 1729 839 1801 poterit,
865 1729 901 1783 dc
929 1729 1064 1785 omnibus
1089 1728 1364 1800 conspirationibus,

318 1813 337 1838 ‘⁶
357 1813 605 1884 oppressionibus,
624 1832 723 1869 rerum
743 1812 967 1877 extorsionibus,
986 1812 1109 1877 demnis,
1130 1812 1364 1884 gravaminibus,

318 1898 337 1923 “
356 1897 544 1963 falsitatibus,
565 1902 594 1953 ot
618 1898 685 1953 aliis
710 1897 994 1967 transgressionibus
1013 1902 1043 1951 et
1059 1896 1229 1953 excessibus
1248 1897 1366 1971 quibus·

318 1985 337 2010 ‘⁴
356 2001 480 2054 cunque,
499 2000 612 2039 necnon
629 1982 665 2037 do
683 1982 815 2047 roberiis,
828 1982 954 2047 seloniis,
968 1981 1204 2053 receptamentis,
1218 1988 1252 2039 et
1267 1999 1366 2038 manu·

317 2069 336 2093 ‘⁴
356 2069 502 2132 tenendis,
523 2066 680 2138 praedictis,
700 2074 761 2121 tam
784 2084 838 2138 per
860 2067 1030 2139 hujusmodi
1048 2066 1258 2133 Viceoomites,
1279 2066 1366 2125 Coro

317 2152 336 2178 “
356 2158 480 2215 natones,
502 2151 746 2213 Sub-escaeteres,
767 2151 1007 2215 constabularios,
1027 2150 1161 2215 ballivos,
1182 2150 1363 2215 libertatum,

317 2234 336 2260 “
355 2234 628 2305 wapentachiorum,
654 2233 880 2297 hundredorum,
905 2242 935 2290 et
958 2234 1180 2305 trithingorum,
1206 2242 1240 2291 et
1263 2252 1365 2291 eorum

317 2321 335 2345 “
356 2318 486 2381 clericos,
504 2318 640 2373 custodes
667 2319 828 2389 prisonem,
849 2326 879 2374 et
905 2319 978 2374 alios
1003 2318 1126 2374 ballivos
1144 2324 1184 2375 et?
1202 2319 1364 2385 ministros,

317 2405 336 2429 “
356 2418 444 2472 quam
461 2419 514 2473 per
538 2402 610 2456 alios
630 2419 818 2473 quoscunque
838 2402 875 2458 do
893 2402 997 2457 eodem
1014 2420 1125 2473 regno,
1154 2402 1218 2458 sive
1237 2402 1276 2458 de
1292 2410 1364 2460 ten·

316 2489 335 2514 “
354 2503 425 2558 poro
452 2486 545 2558 ipsius
572 2485 674 2557 patris,
695 2487 758 2541 siro
785 2494 895 2551 nostro,
918 2487 1160 2559 qualitercunque
1179 2486 1284 2553 illatis,
1303 2494 1363 2543 tam

316 2574 336 2599 “
355 2572 392 2625 ad
419 2576 529 2626 sectam
553 2578 683 2626 nostram
709 2589 795 2642 qnam
822 2572 955 2638 aliorum,
975 2570 1053 2625 undo
1075 2569 1195 2641 justitio
1220 2570 1363 2627 hactenus

316 2659 335 2683 “
354 2656 432 2710 faeta
447 2674 505 2709 non
523 2655 589 2717 suit,
609 2656 723 2724 plenius
741 2657 913 2711 veritatem:
935 2662 965 2710 et
987 2654 1025 2710 ad
1041 2653 1194 2726 praemissa
1212 2656 1312 2711 omnis
1334 2660 1365 2711 et

316 2743 335 2766 “
355 2739 481 2809 singula,
502 2757 535 2793 ao
555 2738 613 2792 alia
634 2740 783 2809 tangentia
814 2740 851 2794 ad
877 2739 1012 2810 querelas
1040 2738 1170 2793 omnium
1202 2743 1233 2793 et
1264 2739 1364 2811 singu·

315 2827 334 2852 ‘¹
353 2824 459 2887 lorum,
488 2830 549 2878 tam
578 2841 631 2893 pro
661 2824 743 2878 nobis
780 2842 867 2894 quam
895 2841 949 2895 pro
979 2821 1084 2893 seipsis
1114 2821 1181 2877 inde
1212 2823 1361 2895 conqueri,

316 2913 334 2937 ‘⁶
355 2927 407 2965 seu
425 2909 572 2981 prosequi,
584 2909 725 2973 volentes,
739 2916 800 2964 tam
818 2910 895 2963 inira
912 2909 1064 2964 libertates
1083 2924 1171 2979 quam
1189 2914 1283 2973 extra,
1303 2914 1363 2965 tum

315 2998 334 3021 “
353 2994 390 3048 do
409 3000 540 3065 tompore
561 2992 655 3065 ipsius
680 2994 774 3064 patris
797 2993 890 3048 nostri
912 3010 999 3063 quam
1026 2996 1134 3055 nostro,
1155 2990 1310 3049 audiendis
1334 2998 1365 3049 et

315 3082 333 3106 “
353 3078 564 3145 terminandis;
588 3078 675 3133 etad
698 3078 814 3149 plenam
835 3086 865 3131 et
883 3076 1010 3133 celerem
1024 3076 1172 3147 justitiam
1196 3074 1277 3141 inde,
1302 3084 1363 3133 mm

314 3166 405 3235 “pro
432 3164 516 3219 nobis
543 3181 631 3234 quam
650 3180 703 3234 pro
721 3160 890 3231 hujusmodi
917 3159 1163 3230 conquerentibus
1187 3158 1361 3225 faciendam,

314 3250 333 3275 ‘⁸
353 3248 513 3303 secuudum
532 3248 629 3318 legem
659 3253 688 3301 et
714 3244 955 3302 consuetudinem
978 3243 1063 3314 regni
1088 3241 1193 3299 nostri.
1230 3242 1273 3300 Et
1296 3243 1363 3299 ideo

314 3335 333 3358 “
352 3332 436 3386 robis
447 3331 619 3386 mandamus
636 3330 714 3401 quod
732 3330 769 3384 ad
789 3335 884 3384 certos
899 3328 962 3382 dies
979 3333 1009 3383 et
1025 3327 1098 3390 loca,
1113 3344 1186 3398 quos
1204 3344 1269 3393 vos,
1289 3334 1361 3393 tres,

314 3417 332 3441 “
352 3417 399 3469 vol
427 3416 484 3469 duo
507 3420 649 3477 vestrum,
669 3414 706 3468 ad
724 3414 786 3469 huso
812 3411 1010 3484 provideritis,
1033 3411 1186 3483 praemissa
1210 3411 1311 3469 omnia
1333 3418 1365 3468 et

313 3501 332 3525 ⁴⁸
353 3499 470 3568 singula
489 3498 603 3553 faciatis
625 3504 655 3552 et
675 3498 815 3568 expleatis
836 3496 868 3551 in
888 3497 981 3550 forma
995 3494 1146 3567 praedicta,
1166 3496 1278 3552 facturi
1294 3495 1364 3553 inde

313 3584 333 3609 “
353 3581 430 3651 quod
450 3581 649 3650 adjustitiam
668 3581 803 3652 pertinet,
824 3580 985 3635 secundum
1003 3580 1102 3650 legem
1126 3584 1157 3634 et
1174 3580 1364 3635 consuetudi·

312 3667 331 3692 “
351 3682 418 3719 nom
436 3665 520 3734 regni
539 3665 648 3719 nostri:
669 3664 759 3718 salvis
777 3664 860 3718 nobis
879 3663 1112 3719 amerciamentis
1131 3670 1162 3718 et
1173 3662 1240 3719 aliis
1260 3663 1364 3719 adnos

313 3753 331 3777 “
351 3749 419 3803 inde
438 3749 646 3818 spectantibus.
684 3747 887 3801 Mandavimus
906 3747 984 3802 enim
1001 3746 1233 3803 vicecomitibus
1251 3748 1365 3803 nostris

312 3838 331 3862 ‘⁸
352 3834 552 3889 Comitatunm
569 3830 786 3903 praedictorum,
802 3831 880 3900 quod
898 3831 934 3885 ad
954 3838 1050 3886 certos
1068 3831 1131 3887 dies
1150 3837 1180 3886 et
1197 3830 1274 3895 loca,
1289 3849 1366 3903 quos

312 3922 331 3947 ‘⁸
350 3936 412 3981 ros,
432 3923 502 3980 tres,
522 3915 571 3971 vel
589 3914 647 3969 duo
665 3920 806 3978 vestrum,
828 3915 870 3969 cis
890 3916 965 3970 scire
986 3914 1110 3980 faciatis,
1131 3913 1232 3970 venire
1250 3914 1368 3971 faciant

312 4007 330 4031 “
350 4020 448 4059 corum
463 4000 556 4064 vobis,
570 3999 675 4063 tribus,
695 3999 742 4054 vel
761 3997 874 4053 duobus
892 4006 1033 4064 vestrum,
1052 4004 1096 4054 tot
1112 4004 1142 4053 et
1159 3997 1234 4053 tales
1252 3998 1365 4069 probos

311 4090 330 4115 ‘⁸
350 4095 380 4142 et
398 4086 509 4157 legales
522 4084 655 4139 homines
667 4084 703 4138 de
717 4083 911 4139 comitatibus
924 4083 1084 4155 praedictis,
1098 4088 1159 4137 tam
1176 4081 1255 4136 inira
1272 4082 1366 4139 liber·

311 4176 329 4200 “
351 4178 441 4227 tatem
459 4188 547 4241 quarn
567 4172 655 4233 extra,
670 4186 723 4239 per
741 4185 814 4237 quos
832 4168 876 4222 roi
895 4167 1004 4222 veritus
1022 4167 1054 4220 in
1070 4165 1232 4237 praemissis
1250 4166 1364 4223 melius

312 4259 331 4283 “
352 4256 423 4311 seiri
440 4254 559 4326 poterit,
580 4262 611 4307 et
636 4253 765 4321 requiri3
796 4258 824 4306 et
843 4251 920 4322 quod
938 4250 1030 4311 robis,
1051 4249 1156 4312 tribus,
1176 4250 1225 4303 vel
1244 4249 1364 4307 duobus

311 4343 330 4367 ‘⁴
350 4346 491 4406 vestrum,
511 4339 543 4394 in
560 4337 721 4410 premissis
741 4337 874 4391 omnibns
899 4344 929 4390 ot
953 4333 1078 4404 singulis
1102 4333 1244 4388 iaciendis
1264 4339 1296 4389 et
1313 4352 1365 4388 ex-

311 4427 329 4451 “
350 4424 474 4495 plaudis,
490 4423 664 4479 auxiliantes
683 4421 752 4485 sint,
772 4427 802 4476 et
819 4419 1019 4483 intendentes,
1038 4422 1126 4489 prout
1142 4433 1205 4482 vos,
1218 4424 1292 4481 tres,
1312 4434 1365 4473 re.

695 4606 703 4639 ¹
715 4611 854 4671 munros
863 4603 891 4654 in
901 4600 958 4655 MS.
