3038 5452
322 714 365 780 84
700 732 807 781 aasrs
829 732 990 782 ansarum

165 934 234 985 John
244 933 302 993 lv,
368 921 421 985 Ad
455 941 551 1006 quem
585 920 680 997 diem,
705 923 783 1007 quia
806 922 973 986 Prioratus
1007 926 1141 988 tenetur
1178 923 1214 987 in
1251 944 1376 1010 puram

176 1038 180 1047 ‘
188 1002 283 1126 ‘effi’
323 1023 564 1109 eleemosynam
587 1030 617 1090 ct
639 1030 763 1096 colent,
788 1031 823 1089 et
845 1047 1006 1110 nusquam
1040 1026 1243 1112 temporibus
1268 1031 1377 1092 retro-

199 1135 268 1183 Μ).
324 1129 406 1193 actis
428 1128 638 1192 vacationum
661 1128 748 1192 facta
769 1127 835 1192 fuit
858 1127 1045 1212 hujusmodi
1075 1128 1204 1194 exactio
1227 1129 1267 1194 de
1291 1129 1376 1195 fide·

183 1204 287 1306 ιῖοἷζε·
323 1231 427 1307 litate,
455 1229 685 1315 recognitione,
713 1237 773 1295 aut
811 1233 902 1295 curia
932 1230 1083 1307 tenenda,
1113 1231 1167 1296 vel
1205 1231 1375 1318 aliquibus

155 1333 289 1384 Theron·
324 1333 551 1398 exactionibus
589 1332 643 1396 vel
675 1332 820 1397 exitibus
861 1333 961 1396 medii
999 1333 1156 1418 temporis
1193 1334 1374 1422 capiendis,

156 1400 300 1531 {1533}ss
324 1437 466 1522 petitum
500 1436 565 1499 fuit
599 1457 641 1500 cx
672 1440 766 1521 parte
798 1435 878 1500 dicti
902 1435 1105 1514 Conventus,
1135 1437 1224 1521 quod
1253 1437 1374 1504 Escae-

155 1531 268 1648 ἓξὲξ.
325 1544 378 1603 tor
408 1537 587 1625 praedictus
616 1537 701 1601 nihil
733 1538 854 1602 faceret
882 1537 936 1601 vel
974 1542 1157 1603 attentaret
1194 1539 1230 1603 in
1266 1539 1376 1605 lassio-

156 1665 306 1727 morgabut
325 1664 401 1705 uem
425 1641 581 1727 puritatis
605 1640 828 1726 eleemosynas,
851 1646 879 1704 et
896 1647 1018 1705 cratera.
1066 1641 1131 1720 Qui
1154 1646 1289 1728 propter
1310 1642 1376 1708 hoc.

156 1732 391 1847 {gffssffiss'mn
416 1744 563 1819 cessavit,
595 1744 652 1808 sed
683 1749 860 1830 praesentes
894 1744 1001 1828 coegit
1023 1744 1128 1808 facere
1165 1743 1376 1825 fidelitatem,

156 1814 282 1930 insilire
324 1846 476 1911 absentes
519 1847 735 1920 amercianclo
778 1867 874 1930 super
913 1852 1069 1931 utrosque
1116 1853 1296 1932 presentes
1336 1855 1376 1914 et

157 1933 301 1996 ¹³⁰⁸⁸⁹³⁸l⁰¹¹·
324 1949 478 2014 absentes
501 1949 674 2034 tallagiunr
697 1948 915 2034 imponend03
959 1955 993 2012 et
1025 1970 1082 2033 per
1111 1948 1307 2024 collectores,
1330 1950 1376 2016 dc

324 2073 411 2116 novo
434 2051 545 2126 factos,
569 2050 719 2127 levando,
743 2049 956 2115 demandavit
985 2072 1085 2135 equos
1108 2072 1315 2115 carrucarum
1338 2060 1378 2117 et

324 2158 525 2217 careobrrum
541 2152 718 2226 Prioratus,
745 2153 779 2215 in
802 2173 898 2238 parco
923 2152 1073 2238 ponendo
1099 2157 1220 2237 portas,
1234 2154 1377 2240 grangia

324 2262 358 2319 et
382 2255 468 2318 ostia
490 2252 702 2327 ¹obserand0,
728 2260 762 2317 et
784 2254 892 2318 claves
916 2254 1123 2338 asportando.

158 2362 265 2437 Panhor
370 2356 494 2421 Eodem
517 2356 570 2420 dic
594 2356 700 2419 clerici
723 2360 758 2419 et
780 2357 923 2419 ministri
945 2357 1126 2421 Escaetoris
1148 2361 1377 2426 veneruntad

158 2428 311 2543 ffiffl„
324 2459 506 2523 manerium
523 2459 564 2522 de
580 2458 807 2544 Happesburg,
824 2465 859 2522 et
874 2458 1022 2523 homines
1044 2461 1192 2539 manerii,
1209 2462 1289 2545 quia
1303 2483 1377 2529 non

163 2560 206 2607 1¹1⁰
217 2567 313 2608 senuna
324 2565 489 2624 voncrunt
522 2581 630 2624 coram
665 2560 720 2637 eis,
753 2561 1013 2625 amerciavernnt
1048 2561 1090 2625 ad
1125 2561 1234 2626 deceni
1261 2563 1377 2643 libras,

156 2625 251 2755 iffi}
324 2664 538 2727 nihilominus
568 2662 720 2749 ponendo
751 2686 848 2749 super
870 2663 984 2727 villam
1012 2663 1184 2749 tallagium
1210 2664 1251 2730 de
1273 2667 1377 2751 quin·

324 2766 427 2831 decim
452 2764 551 2829 libris.
598 2765 644 2829 Et
667 2766 776 2829 exitus
798 2767 941 2842 mercati,
957 2767 1010 2830 die
1034 2765 1187 2832 Mercurii
1203 2776 1376 2854 sequente,

323 2875 465 2955 quatuor
488 2869 609 2933 solidos
631 2875 697 2933 tres
723 2868 873 2932 denarios
896 2868 1093 2934 levaverunt
1120 2876 1154 2934 et
1188 2880 1377 2958 ceperunt;

323 2975 407 3039 ostio
428 2973 638 3059 grangiarum
662 2971 850 3048 obserando,
866 2976 900 3035 et
923 2971 1031 3036 claves
1053 2973 1235 3051 retinendo
1259 2978 1377 3042 omnia

322 3078 433 3142 averia
462 3076 598 3140 manerii
631 3081 666 3139 et
696 3075 867 3138 bominum
897 3075 1035 3138 manerii
1059 3077 1227 3163 capiendo,
1259 3078 1376 3164 inpar-

322 3180 434 3256 cando,
458 3185 491 3244 et
515 3178 693 3255 retinendo,
719 3199 887 3263 quousque
918 3176 1111 3241 fidelitatem
1135 3178 1304 3259 fecerunt3
1327 3188 1375 3259 et,

321 3288 397 3366 post
421 3282 611 3345 fidelitatem
636 3279 768 3358 factam,
793 3280 903 3343 omniu
925 3278 1035 3342 averia
1057 3301 1130 3363 quae
1161 3281 1196 3344 in
1223 3285 1375 3351 monerio

323 3384 468 3445 invenire
491 3389 652 3469 poterant,
675 3390 839 3467 ceperunt,
863 3381 1124 3466 inparcavcrunt,
1148 3405 1214 3446 non
1237 3387 1377 3470 permit

322 3489 429 3547 tentes
452 3485 487 3547 in
511 3485 599 3549 dicto
622 3485 768 3547 manerio
784 3484 957 3569 quicquam
981 3485 1107 3570 operari
1130 3507 1203 3550 curn
1227 3491 1375 3555 carrucis

323 3587 374 3650 vel
398 3586 541 3660 carectis,
570 3607 736 3669 quousquc
768 3608 825 3670 per
847 3585 1025 3649 Dominum
1050 3586 1099 3651 W.
1124 3588 1163 3650 ‹le
1188 3588 1374 3658 Karletone

322 3689 500 3752 deliberata
525 3686 654 3750 fucrant
670 3687 759 3750 (licta
782 3688 892 3751 averia
907 3689 968 3753 sub
992 3688 1124 3774 plevina
1138 3691 1180 3754 ad
1196 3696 1374 3759 returnan-

322 3792 409 3854 dum.
468 3789 609 3874 Insuper
639 3789 744 3868 blada,
767 3797 800 3854 et
823 3792 933 3855 omnia
956 3791 1042 3856 bona
1065 3799 1098 3857 ct
1128 3794 1249 3858 catalla
1279 3796 1374 3863 Prio-

322 3899 421 3967 ratus,
445 3892 505 3955 suli
530 3898 603 3954 arta
633 3891 782 3956 custodia
805 3900 992 3978 posueruut,
1015 3895 1223 3980 prohibentes
1247 3919 1289 3961 ne
1312 3923 1373 3985 per

323 3996 541 4070 Conventum,
563 3993 614 4056 rel
639 3993 806 4058 ministros
829 4017 912 4069 suos,
935 3996 1161 4081 disponeretur
1186 4021 1243 4062 seu
1266 4004 1372 4085 perci-

321 4106 475 4184 peretur;
498 4096 585 4159 unde
600 4095 761 4160 exhibitio
777 4096 969 4161 Conventus
984 4104 1018 4162 ct
1034 4099 1165 4163 l'amiliae
1184 4101 1226 4164 ad
1243 4102 1369 4170 victum

321 4211 402 4265 tunc
425 4201 459 4265 in
483 4204 584 4286 parte,
607 4205 825 4284 paracterquam
848 4222 889 4264 ex
906 4208 1031 4280 mutuo,
1048 4202 1205 4289 impedita
1222 4202 1308 4269 suit:
1334 4215 1371 4273 et

321 4310 401 4367 tunc
416 4301 622 4377 ⁹Cellerari0,
637 4323 692 4366 seu
716 4302 811 4366 alicui
829 4301 882 4366 alii
901 4302 941 4366 de
957 4304 1090 4373 familia
1105 4327 1171 4367 non
1195 4308 1370 4391 permitte.

440 4516 927 4525 --.—.—-—-..-—--————--a-—·—
940 4518 1012 4525 ——
1036 4519 1272 4527 --————·——--·
1297 4525 1303 4530 -
1317 4525 1337 4532 .-

354 4632 360 4664 ἶ
375 4629 505 4681 emerendo
515 4631 542 4680 in
553 4631 609 4686 MS.
823 4631 830 4700 Ι
876 4632 885 4664 ²
899 4630 1025 4684 Celerario
1042 4633 1132 4688 iuMS.
