3038 5452
408 729 620 780 uouesrnsu
644 729 765 781 seron
788 726 924 778 umens
1127 711 1192 782 407

135 1013 187 1080 De
208 1035 313 1080 eosiso
333 1013 455 1081 Sancti
480 1011 664 1078 Edsmusdi
687 1019 806 1079 oestro
823 1010 1034 1098 provisorem
1055 1010 1190 1089 ibidem,
1221 1017 1341 1078 Thomu,

210 1137 275 1201 per
288 1115 478 1202 prefatum
499 1114 662 1180 nossem
683 1112 924 1200 pereussos
941 1120 1107 1199 poenos.
1233 1084 1329 1216 sim,

182 1249 322 1316 Causam
343 1250 455 1336 itaque
478 1248 624 1334 ejusdem
651 1248 848 1314 Monasterii
874 1247 988 1314 Sancti
1011 1247 1189 1326 Edmundi,
1221 1218 1343 1336 sid-'is

136 1358 250 1420 eontra
281 1352 515 1418 ¹Edmundum
545 1350 736 1428 Brounfeld
760 1350 971 1439 provisorem,
995 1373 1052 1417 seu
1081 1352 1189 1416 intru-
1248 1377 1315 1390 -

136 1477 242 1522 sorem
279 1477 375 1543 super
401 1455 522 1532 eadem,
559 1475 597 1519 se
635 1454 737 1520 etism
760 1458 875 1520 oontrs
899 1452 1039 1520 villanos
1067 1453 1190 1520 ibidem
1202 1416 1322 1551 {iffi}

136 1562 262 1646 expuet,
293 1557 399 1624 eidem
430 1557 630 1622 Monssterio
660 1556 811 1622 infideles
840 1567 874 1622 et
901 1557 1046 1634 infestos,
1077 1578 1191 1623 versus
1203 1550 1358 1669 &Qun

136 1661 269 1747 Regem,
294 1659 453 1738 dominos,
476 1665 511 1725 et
524 1660 645 1726 amieos
672 1680 756 1740 suos,
780 1665 850 1724 tem
877 1659 912 1723 in
935 1659 1067 1746 Anglio,
1091 1682 1191 1745 quam
1203 1684 1302 1736 vafinus
1316 1701 1357 1736 oe

136 1762 174 1827 in
197 1760 298 1829 ouria
320 1762 479 1840 Romane,
501 1761 732 1848 multiplieiter
754 1759 921 1838 tuebatur,
944 1767 979 1826 et
1002 1762 1174 1848 promovit.
1202 1751 1358 1869 fflffla·

181 1864 275 1930 Duos
305 1885 435 1950 quoque
469 1864 652 1941 monachos,
683 1863 726 1929 ob
761 1884 873 1928 eorum
907 1863 944 1926 in
974 1863 1063 1929 diets
1093 1884 1299 1949 osussteryof

136 1966 355 2044 rebellionem,
379 1965 423 2030 ed
451 1988 548 2031 suum
578 1965 826 2042 Monusterium,
853 1964 981 2031 virtute
1003 1965 1189 2030 litterarum
1201 1948 1347 2070 fflffi&

135 2069 311 2156 regiarum,
325 2067 369 2133 ed
392 2068 621 2155 castigandum
637 2073 672 2133 et
695 2067 961 2133 commorandum
979 2088 1053 2132 eum
1075 2068 1188 2132 eodem
1201 2082 1242 2132 He
1253 2085 1334 2133 nain·

136 2169 326 2248 destinatos,
349 2169 475 2235 diutius
505 2170 542 2234 in
565 2169 719 2236 omnibus
741 2170 933 2236 necessariis
960 2169 1123 2246 exhibuit,
1154 2149 1361 2266 eiffemmffifff

136 2278 207 2338 tem
240 2271 418 2359 prudenter
443 2293 542 2357 quam
574 2271 717 2337 civiliter
748 2271 919 2351 mactavit,
950 2272 1039 2358 quod
1075 2293 1188 2337 eorum
1200 2281 1357 2334 hosemonks

136 2374 265 2439 animos
290 2396 311 2438 s
332 2373 491 2461 praediotu
521 2395 581 2439 sus
612 2373 789 2439 insolentia
813 2374 964 2439 totaliter
995 2374 1128 2454 avertit,
1153 2377 1188 2440 et
1201 2349 1348 2465 {222⁸

137 2498 201 2554 eos,
214 2477 343 2543 virtute
358 2476 546 2541 litterarum
562 2476 736 2564 regiarum,
750 2476 794 2542 sd
810 2497 922 2542 eorum
939 2477 1186 2557 Monssterium,
1201 2481 1357 2562 Mountefy,

137 2601 214 2645 eum
238 2578 306 2644 suis
328 2578 451 2644 litteris
478 2578 766 2659 oommendetitiis
790 2577 937 2658 remisit3
960 2580 1049 2645 unde
1071 2549 1340 2666 grates,3¹,‘},2{{¹¹⁸

137 2681 402 2747 benevolentiam
432 2703 553 2760 eorum,
577 2687 612 2747 et
642 2681 789 2747 omnium
816 2682 1019 2748 confratrum
1045 2703 1188 2763 suorum,
1202 2697 1292 2745 pense,
1306 2685 1357 2762 apd

136 2805 205 2850 non
230 2783 396 2850 immerito
421 2779 566 2850 ²hehere
591 2785 782 2871 promeruit.
835 2785 1039 2851 Asserebant
1065 2786 1189 2850 etenim
1202 2750 1352 2878 ffissgff

136 2886 209 2972 ejus
241 2886 421 2952 amicitiem
454 2890 489 2952 et
525 2886 724 2952 industriam
753 2888 790 2952 in
829 2887 918 2953 diota
948 2910 1061 2954 eorum
1092 2910 1190 2953 ceusu
1202 2881 1314 2947 thereby.

136 2987 212 3076 plus
233 2987 354 3054 eisdem
379 2987 530 3068 valuisse,
558 3010 656 3074 quem
683 2990 712 3054 si
738 2988 860 3054 eisdem
885 2989 974 3055 mille
1000 3009 1125 3054 mareas
1148 2989 1189 3054 de

117 3115 123 3123 ’
137 3111 199 3156 suo
212 3089 343 3177 proprio
364 3090 582 3177 persolvisset.

139 3289 214 3358 ³De
233 3291 397 3378 pluribus
416 3290 684 3377 possessionibus
705 3299 736 3358 et
758 3290 948 3358 redditibus
974 3291 1080 3378 officio
1102 3291 1186 3358 Siti-

229 3392 397 3460 oeiismsii
421 3416 486 3480 per
504 3393 712 3481 predictum
741 3392 903 3459 Aetatem
927 3393 1060 3460 novus·
1081 3393 1188 3480 assip-

179 3615 181 3620 ,
227 3499 333 3669 meppie,
358 3499 428 3568 sibi
449 3508 479 3567 si
500 3501 583 3568 aliis
597 3499 775 3588 officiariis
792 3500 965 3588 primitus
982 3501 1187 3588 pertiuenti-

184 3717 269 3785 Oum
293 3717 455 3784 Dominus
477 3717 619 3783 Thomas
645 3717 761 3784 Ahbss
786 3717 858 3803 jem
880 3739 939 3804 per
960 3718 1090 3807 sliquos
1112 3735 1274 3808 pro-Aser
1287 3749 1355 3786 some

138 3819 269 3886 fecisset
283 3841 386 3885 annos
398 3820 435 3884 in
448 3819 615 3908 regimine,
631 3842 714 3886 onus
728 3820 861 3886 honoris
876 3820 1062 3907 hujusmodi
1078 3823 1188 3888 deere-
1198 3802 1352 3918 fflff

139 3923 191 3988 vit
213 3923 382 4010 deponere,
406 3927 439 3987 et
461 3923 601 4010 propriae
623 3927 757 3988 tontum
778 3945 896 3990 vacere
926 3925 1035 4002 soluti,
1052 3925 1327 4010 Deoquemascon-

139 4026 292 4113 privatus
322 4025 504 4106 deservire3
537 4024 621 4089 nihil
651 4030 764 4090 tamen
794 4027 935 4112 amplius
965 4049 1063 4112 quom
1102 4027 1187 4093 elius
1199 4002 1329 4133 ξᾙζέ

139 4128 279 4216 simplex
302 4126 488 4208 monachus,
511 4133 648 4215 propter
669 4127 859 4194 ⁴diutinum
875 4127 1027 4209 laborem,
1048 4129 1185 4208 senium,
1199 4135 1328 4186 hisoffiee.

140 4233 176 4294 et
197 4229 374 4316 pristinem
389 4229 595 4317 dignitatem,
613 4230 751 4316 exigere.
800 4229 1002 4316 Invenitque
1017 4230 1085 4294 suis
1100 4231 1187 4296 votis

177 4438 183 4467 ¹
202 4437 250 4488 See
269 4438 466 4503 Wnlsinghsm's
477 4438 546 4488 Hes.
563 4438 645 4506 Arpi,
724 4439 809 4489 'This
820 4439 924 4498 Rubrio,
936 4440 957 4490 it
968 4440 1018 4490 vill
1038 4443 1069 4491 ho
1087 4445 1188 4504 eremis

140 4519 173 4579 1.,
184 4533 225 4582 pp.
240 4523 364 4580 414418,
376 4522 433 4579 428,
445 4524 501 4571 429.
690 4518 854 4582 inspplicsble
876 4529 903 4570 to
927 4522 970 4572 the
992 4529 1082 4573 matter
1105 4525 1187 4576 which

177 4599 188 4629 ²
198 4597 255 4648 'Ibe
266 4597 322 4649 first
333 4599 407 4650 letter
417 4599 447 4650 oi
463 4599 514 4650 this
531 4600 603 4651 vord
619 4598 642 4648 is
688 4597 856 4665 immediately
867 4600 972 4652 follows.

142 4675 265 4730 doubtful.
720 4675 896 4730 ⁴diutinomin
908 4679 964 4732 ΜΒ.
