3022 5460
315 711 380 775 130
693 722 798 774 unsre
820 721 985 774 tanarum

181 920 269 986 Hugh,
314 912 412 993 muri,
435 912 528 999 quasi
550 914 749 1001 pendentem
780 918 814 978 et
836 912 950 978 cadere
980 911 1157 993 volentem,
1192 910 1309 976 fodere
1331 931 1367 977 ac

180 988 275 1116 ffl
316 1015 496 1102 deprimere
519 1016 690 1095 niteretur,
707 1021 780 1082 tota
801 1015 858 1080 illa
881 1015 990 1103 portio
1006 1037 1103 1102 super
1125 1036 1228 1102 quam
1245 1012 1366 1094 stabat,

190 1122 258 1172 al).
315 1119 378 1183 sub
400 1120 470 1203 ipso
494 1120 619 1197 cecidit,
642 1120 713 1207 ipso
735 1123 890 1205 sequente
914 1140 988 1183 cum
1010 1119 1137 1206 impetu
1152 1116 1367 1197 vehementi;

170 1193 290 1296 liii&
316 1228 350 1288 et
373 1222 458 1301 licet,
483 1221 587 1288 fracto
609 1223 730 1288 femore
767 1222 936 1299 nimirum,
966 1222 1142 1289 laederetur
1179 1219 1365 1299 enormiter,

317 1325 443 1390 nullam
480 1333 591 1391 tamen
614 1327 746 1413 plagam
775 1326 934 1411 recipiens
967 1325 1138 1404 letiferam,
1173 1321 1366 1389 miraculose

317 1432 368 1493 est
389 1451 410 1492 a
434 1429 549 1494 mortis
571 1428 715 1517 periculo
730 1428 897 1493 liberatus

319 1728 369 1794 De
383 1727 560 1795 rebellione
580 1727 740 1795 Wilbelori
763 1726 960 1805 Sanamem
976 1725 1114 1793 Prrbrie
1137 1725 1177 1792 do
1192 1725 1365 1812 Byrtbom,

331 1838 361 1898 et
375 1831 526 1899 aarum
540 1832 793 1911 monachorum,
810 1839 928 1897 contro
942 1829 1103 1896 Abbotem
1118 1837 1352 1897 mernorotuoa

149 2000 303 2053 Avaritiam
360 1985 523 2052 Avaritiae
546 1985 641 2065 vitio,
663 2007 764 2072 supra
784 2007 883 2072 quam
905 1984 1024 2064 decuit,
1048 2006 1193 2071 persaepe
1217 1984 1365 2052 laborare

149 2068 278 2201 mig?
314 2094 450 2156 notatus
481 2096 540 2167 est,
572 2088 704 2174 quando
739 2089 780 2153 de
814 2088 983 2154 Prioribus
1020 2087 1183 2154 Cellarum
1223 2111 1363 2175 magnas

150 2204 238 2254 Abtot
317 2213 460 2259 summas
492 2191 646 2281 pecuniae,
671 2191 767 2256 modo
791 2192 889 2256 minis
925 2192 1045 2279 exegit,
1072 2192 1169 2257 modo
1202 2191 1364 2278 precibus,

150 2269 305 2387 ἓξὲἒηξῗ
317 2315 522 2381 nequaquam
554 2315 668 2358 verens
700 2294 824 2358 censeri
858 2294 992 2360 abrasor
1023 2293 1221 2361 substantiae
1253 2295 1365 2361 subdi·

151 2401 181 2450 of
195 2400 262 2480 Cella
317 2404 444 2478 torum;
479 2397 536 2483 qui
568 2398 595 2461 si
627 2398 853 2462 excusationes
887 2398 1100 2484 praetendere,
1132 2403 1192 2463 aut
1216 2398 1366 2465 submur-

150 2467 290 2585 i'ss'ffiff
319 2501 479 2565 murando
512 2522 629 2587 negare
661 2522 734 2587 quae
765 2501 873 2587 petiit,
899 2500 1028 2565 Priores
1059 2503 1259 2588 quandoque
1285 2525 1367 2589 prae·

151 2601 222 2656 ban’s
320 2608 495 2680 sumerent,
521 2604 636 2668 statim
663 2603 771 2667 missis
798 2604 921 2669 eisdem
945 2603 1077 2682 litteris,
1105 2605 1309 2691 significavit
1331 2626 1365 2671 se

319 2707 404 2774 velle
418 2706 635 2795 personaliter
655 2706 804 2772 accedere
820 2707 862 2770 ad
878 2706 1185 2794 perhendinandum
1201 2708 1237 2772 in
1253 2729 1365 2775 eorum

320 2810 522 2878 Prioratibus
545 2810 599 2877 vel
632 2810 795 2890 maneriis,
823 2810 1019 2896 quandoque
1050 2832 1108 2898 per
1136 2816 1286 2898 quatuor,
1309 2811 1366 2877 ali·

319 2914 451 2998 quando
466 2935 524 2999 per
539 2935 606 2992 sex,
618 2934 750 2977 menses.
790 2911 898 2992 Quare
914 2912 1062 3000 oportuit
1078 2913 1212 2979 omuino
1229 2913 1366 2991 Priores,

318 3017 361 3081 ad
384 3015 600 3082 devitandum
634 3014 740 3100 majus
775 3015 908 3094 malum,
943 3016 1119 3080 admittere
1149 3021 1183 3081 et
1212 3038 1367 3105 peragere

318 3119 427 3184 minus
450 3118 583 3196 malum,
608 3122 642 3182 et
664 3118 788 3182 solvere
810 3119 898 3203 quod
914 3119 1110 3205 petebatur;
1134 3141 1236 3203 quum
1260 3119 1366 3185 levius

318 3227 353 3287 et
375 3221 569 3309 portabilius
584 3220 761 3287 videbatur
783 3221 910 3286 solvere
934 3227 1054 3286 certam
1078 3243 1249 3300 summam,
1266 3245 1365 3308 quam

320 3325 363 3396 ad
385 3325 527 3390 incertas
541 3346 698 3410 expensas
722 3325 792 3411 cogi
815 3346 873 3409 per
895 3325 1076 3389 adventum
1091 3325 1181 3410 ejus3
1208 3323 1366 3412 ¹quarum

321 3449 487 3494 excessum
509 3427 629 3503 Abbas,
660 3431 700 3491 ut
730 3427 911 3504 dicebatur,
942 3427 1209 3513 parvipendebat.
1256 3428 1365 3514 Hujus

320 3531 368 3599 rei
399 3552 502 3610 rausa,
534 3552 600 3595 non
621 3534 691 3594 tam
715 3550 870 3595 onerosus
907 3552 1006 3614 quam
1037 3531 1168 3595 odiosus
1197 3530 1366 3598 Prioribus

323 3631 496 3711 (bellarum,
513 3636 547 3697 et
569 3632 746 3711 monachis,
764 3637 814 3697 est
837 3633 972 3698 effectus
984 3659 992 3715 ;
1017 3634 1053 3698 in
1077 3639 1218 3715 tantum,
1234 3640 1275 3701 ut
1298 3637 1369 3722 qui·

321 3735 397 3801 dam
421 3735 590 3800 consilium
613 3741 789 3812 sumerent,
813 3743 871 3802 aut
895 3736 1001 3802 eidem
1032 3737 1161 3823 publice
1184 3739 1366 3821 resistendi,

321 3844 380 3904 aut
395 3839 634 3924 exemptionem
650 3862 670 3904 a
686 3837 821 3904 Summo
838 3839 997 3905 Pontifice
1013 3840 1216 3925 adquirendi

152 3965 308 4020 williamoe
365 3941 535 4027 Siquidem
559 3963 633 4007 cum
657 3942 773 4007 Frater
794 3943 977 4009 Willelmus
1000 3943 1040 4008 de
1065 3943 1248 4024 Somerton,
1274 3944 1368 4012 Prior

153 4037 419 4152 {fflff’ffillae
440 4046 481 4111 de
498 4046 660 4131 Bynham,
687 4048 861 4113 temerario
886 4048 1004 4112 ductus
1032 4048 1177 4128 oonsilio,
1201 4070 1275 4114 cum
1297 4052 1367 4117 suis

152 4170 279 4234 Byrriam,
318 4149 566 4227 commonachis
597 4149 747 4215 venienti
771 4151 814 4215 ad
846 4149 1000 4237 Bynham
1029 4150 1156 4216 Abbati
1179 4152 1365 4233 restitisset,

153 4235 285 4366 {ssl'fffe‘oed
320 4274 380 4319 nec
414 4275 488 4319 eum
518 4253 724 4327 ‚visitationis
757 4254 899 4319 officium
933 4252 1082 4339 permisit
1115 4276 1270 4334 exercere,
1306 4278 1366 4325 nec

153 4368 241 4447 reign·
322 4377 396 4421 eum
427 4356 552 4421 intrare
585 4379 698 4442 passus
722 4363 778 4433 est,
815 4357 918 4421 fretus
950 4357 1107 4421 nimirum
1138 4358 1236 4423 turba
1267 4380 1366 4447 gene-

152 4437 259 4568 ἓξὲξ
267 4515 307 4550 re·
321 4480 467 4523 rosorum
506 4461 694 4546 provinciae,
733 4482 813 4545 quos
844 4460 920 4524 illuc
959 4466 1175 4541 contraxerat,
1200 4461 1365 4529 Dominus

152 4569 209 4617 sists
221 4570 261 4619 his

152 4635 285 4686 Vitlmllffil·
726 4680 732 4711 ¹
746 4695 845 4743 quorum
857 4680 884 4727 in
898 4680 953 4729 MS.
