3038 5452
406 739 615 790 uoussrnrur
639 736 761 790 esrom
783 739 918 790 sunam.
1121 727 1185 789 153

137 926 157 950 “
180 946 245 991 non
267 925 356 1003 alibi,
379 925 461 992 totis
483 925 653 990 retroactis
682 925 884 1010 temporibus
910 925 1030 990 molere
1053 945 1186 989 consue·
1231 928 1319 994 Hugh,

135 1028 155 1055 “
179 1035 309 1109 verunt,
339 1030 388 1094 ita
409 1028 500 1114 quod
521 1028 604 1093 nulli
626 1048 738 1094 eorum
761 1029 905 1114 aliquam
928 1028 1049 1093 molam
1071 1049 1186 1093 manu·
1226 995 1322 1122 ,iffi

131 1132 152 1156 “
178 1131 263 1197 alem
286 1131 329 1195 ad
352 1131 453 1195 blada
474 1131 552 1196 inde
576 1131 728 1195 molenda
750 1131 836 1195 infra
857 1130 973 1195 villam
995 1131 1186 1216 praedictam
1218 1128 1331 1246 lagg-³3⁶

130 1234 148 1259 “
177 1234 289 1320 aliquo
312 1239 457 1320 tempore
480 1239 667 1298 construere
692 1233 794 1298 licuit.
841 1233 891 1297 Ac
912 1232 999 1298 idem
1023 1233 1187 1299 Robertus
1244 1233 1340 1303 ..'

128 1336 149 1362 ⁴‘
178 1336 220 1402 de
243 1337 414 1423 Lymbury
429 1337 605 1423 quamdam
628 1336 747 1400 molam
763 1334 951 1400 manualem
965 1335 1052 1400 infra
1073 1336 1187 1401 villam

127 1439 148 1464 “
178 1439 380 1525 praedictam,
417 1440 454 1503 in
486 1439 566 1504 dicti
600 1439 741 1503 Abbatis
775 1437 1012 1523 praejudicium,
1049 1439 1188 1515 dominii

124 1541 149 1568 “
179 1540 232 1607 sui
265 1542 415 1628 praedicti
447 1541 701 1630 derogationem,
727 1562 832 1626 nuper
863 1541 1057 1618 construxit,
1089 1542 1188 1608 blada

127 1647 149 1675 “
179 1648 332 1713 molendo
354 1649 398 1713 ad
420 1648 565 1713 eandem.

184 1759 200 1784 “
225 1751 270 1815 Et
285 1751 309 1815 J
311 1752 457 1816 ohannes
476 1750 591 1831 Pekoc,
614 1749 757 1814 ballivus
773 1749 922 1836 praedicti
944 1750 1095 1827 Abbatis,
1116 1773 1189 1838 per·

126 1855 149 1882 “
177 1853 326 1940 pendens
341 1853 448 1940 ipsum
466 1852 649 1918 Robertum
673 1852 794 1917 molam
809 1851 1002 1938 praedictam
1017 1858 1188 1918 construx-

127 1958 149 1985 “
177 1956 252 2032 isse,
284 1957 327 2020 ad
358 1956 495 2020 eandem
526 1955 688 2034 molendo,
712 1954 798 2020 sicut
829 1955 1026 2040 praedictum
1056 1960 1113 2036 est,
1144 1957 1187 2020 ad

127 2062 150 2089 “
178 2059 314 2124 domum
332 2058 478 2143 ejusdem
495 2058 640 2136 Roberti‚
662 2064 762 2145 prout
777 2059 820 2123 ad
839 2057 979 2123 officium
994 2081 1091 2123 suum
1116 2081 1188 2146 per-

127 2164 148 2190 “
177 2160 293 2241 tinuit,
321 2161 513 2238 accessisset,
545 2165 579 2226 et
611 2160 811 2247 superiorem
834 2165 961 2246 petram
984 2161 1079 2225 molae
1105 2182 1188 2248 prse-

127 2267 151 2294 “
177 2263 277 2329 dictas
299 2264 432 2329 nomino
447 2263 662 2329 districtionis
684 2263 804 2349 cepisse
827 2263 1006 2343 voluisset3
1036 2264 1187 2351 idemque

129 2368 152 2396 “
179 2366 354 2442 Robertus,
376 2366 513 2452 praefato
528 2366 651 2431 ballivo
674 2366 710 2430 vi
725 2371 760 2430 et
774 2366 874 2430 armis
890 2365 1055 2446 resistens,
1078 2367 1189 2453 ipsum

129 2468 340 2533 “ballivum
362 2474 490 2554 petram
516 2469 708 2555 predictam
738 2468 783 2533 sic
809 2490 922 2554 capere
952 2468 1088 2535 minime
1118 2492 1188 2556 per·

132 2576 156 2604 “
179 2570 279 2649 misit,
296 2576 331 2636 et
344 2572 411 2636 ulia
426 2572 573 2636 enormia
587 2571 743 2657 praedicto
766 2571 892 2635 Abbati
915 2571 1038 2636 ibidem
1052 2572 1188 2653 intulit;

132 2675 222 2739 “ad
244 2696 346 2761 grave
380 2676 537 2739 damnum
560 2673 663 2759 ipsius
696 2673 847 2750 Abbatis,
870 2678 905 2738 et
931 2678 1045 2740 contra
1075 2696 1188 2761 pacem

132 2777 320 2842 “Domini
344 2777 451 2862 Regis,
475 2783 505 2842 et
519 2783 644 2842 coetaro.
854 2831 858 2840 .

185 2889 202 2913 “
225 2879 271 2943 Et
293 2880 382 2944 unde
396 2879 485 2945 idem
506 2880 620 2944 Abbas
645 2880 794 2964 queritur
816 2879 904 2965 quod
926 2880 1104 2966 praedictus
1127 2879 1190 2944 Ro-

134 2988 158 3015 ‘⁴
181 2983 295 3047 bertus
318 2981 371 3046 die
395 2980 532 3046 Veneris
565 2981 716 3066 proxima
738 2986 814 3067 post
837 2982 970 3046 Festum
995 2981 1191 3067 Epiphaniae

134 3090 158 3119 “
182 3085 325 3161 Domini,
342 3105 430 3148 anno
446 3084 581 3148 Domini
597 3084 697 3170 Regis
712 3104 800 3147 nunc
815 3083 964 3169 septimo,
980 3083 1068 3171 apud
1092 3083 1191 3150 Sanc-

133 3191 253 3252 “tum
284 3187 459 3263 Albanum,
484 3186 521 3250 in
554 3186 662 3273 ipsum
693 3186 853 3250 ballivum
883 3185 920 3249 vi
947 3191 981 3250 et
1010 3186 1110 3251 armis
1141 3187 1191 3251 in-

134 3297 159 3323 “
182 3290 306 3354 sultam
329 3288 415 3365 fecit,
439 3288 571 3365 scilicet,
594 3289 714 3375 gladio,
740 3286 910 3365 ¹hacheta,
934 3292 969 3353 ct
991 3288 1140 3365 cultellis,
1157 3296 1191 3354 et

136 3401 160 3424 “
181 3413 307 3478 pannos
328 3412 405 3455 suos
420 3390 637 3470 dilaceravit3
660 3396 695 3456 et
717 3389 823 3455 eidem
846 3388 969 3455 ballivo
990 3390 1041 3454 ita
1055 3392 1190 3471 restitit,

140 3504 160 3527 ·‘
181 3494 269 3580 quod
291 3495 491 3580 superiorem
514 3497 642 3578 petram
666 3493 761 3559 molae
783 3492 960 3578 praedictae,
984 3515 1084 3578 quam
1115 3517 1191 3560 con·

140 3605 161 3630 ⁴‘
182 3602 358 3675 struxerat,
381 3596 514 3660 nominc
537 3595 754 3661 districtionis
776 3596 883 3680 ipsum
900 3616 1013 3681 capere
1035 3618 1102 3661 non
1120 3620 1192 3684 per-

143 3707 161 3730 “
183 3698 292 3764 misit:
318 3698 404 3762 unde
427 3698 514 3763 idem
537 3698 651 3762 Abbas
674 3697 755 3763 dicit
778 3696 866 3782 quod
890 3697 1108 3765 deterioratus
1131 3706 1191 3780 cst,

147 3809 160 3834 ‘⁸
183 3809 217 3867 et
239 3802 396 3866 damnum
420 3801 528 3877 habet,
552 3802 594 3865 ad
617 3800 798 3865 valentiam
821 3801 993 3887 sexaginta
1015 3802 1192 3884 librarum3

149 3911 163 3936 “
184 3909 217 3969 et
238 3903 315 3968 inde
338 3903 489 3990 producit
511 3910 641 3979 sectam,
666 3908 696 3967 et
711 3910 835 3968 coetero.

190 4005 274 4070 “Et
297 4005 474 4092 praedictus
506 4005 671 4069 Robertus
694 4006 795 4085 vonit,
819 4011 854 4071 et
888 4007 1036 4072 defendit
1068 4009 1136 4072 vim
1158 4014 1193 4074 et

151 4116 165 4139 “
186 4106 347 4193 injuriam,
359 4108 489 4193 quando
506 4114 666 4183 etcaetera.
703 4108 748 4172 Et
763 4110 846 4174 bene
863 4109 1011 4174 defendit
1022 4110 1109 4196 quod
1123 4110 1192 4196 ipse

152 4218 166 4241 “
185 4232 352 4296 nunquam
376 4210 542 4296 praedictis
561 4210 665 4276 dicet
687 4232 774 4276 anno
788 4210 911 4276 ballivo
933 4213 1036 4297 ipsius
1051 4212 1192 4278 Abbatis

253 4550 260 4581 ¹
273 4550 328 4600 The
341 4551 499 4601 termination
518 4549 547 4599 oi
554 4549 603 4601 this
614 4539 789 4609 ποτὰ-ἠῶ,
800 4565 829 4599 or
837 4537 904 4610 tort,
915 4549 937 4599 is
949 4551 1071 4600 doubtful.
