3038 5452
325 683 388 744 140
686 694 792 745 unsre
815 692 975 744 sesami

190 895 277 960 nuga
368 879 551 945 Willelmus
583 880 686 966 igitur
718 880 936 967 supradictus,
968 885 1043 967 post
1073 879 1205 967 longam
1235 884 1272 944 et
1304 878 1370 943 dis·

185 962 272 1078 ffi,
322 982 511 1069 pendiosam
543 982 578 1047 in
602 982 703 1048 Curia
730 983 881 1049 Romana
910 1004 1046 1060 moram,
1076 987 1151 1069 post
1173 981 1369 1069 ¹pecuniam

199 1066 280 1144 anf
323 1085 488 1151 inutiliter
519 1086 658 1151 multam
693 1086 807 1166 fusam,
840 1091 915 1174 post
947 1085 1056 1173 plures
1086 1084 1281 1172 impetratos
1311 1104 1370 1171 pro

177 1166 299 1264 Ψ·
322 1193 416 1273 parce
434 1211 494 1253 sua
517 1188 638 1265 sura,
661 1189 802 1254 erratus
829 1189 992 1276 Episcopo
1015 1187 1231 1263 Norwioenst
1254 1186 1371 1253 Arou-

157 1293 311 1355 Somertone.
324 1289 460 1356 diacono
484 1290 714 1368 Lincolniensi,
746 1289 872 1355 Abbati
905 1289 1100 1355 Monasterii
1129 1288 1171 1354 de
1198 1287 1370 1365 Waldeue,

156 1360 304 1492 m„
323 1391 429 1457 Priori
454 1393 495 1459 <a
520 1393 766 1479 wusyngnam,
791 1390 917 1457 nabas
944 1392 984 1457 ue
1011 1390 1147 1477 crayae,
1178 1389 1307 1456 lanu
1328 1389 1369 1455 ue

156 1493 460 1574 riousB¹11¹⁸›Hulm0,
484 1517 557 1560 cum
580 1517 697 1581 pamm
728 1500 789 1559 aut
820 1493 902 1560 nihil
935 1495 971 1559 iu
994 1494 1147 1559 omnihus
1170 1491 1245 1559 istis
1276 1512 1369 1560 suam

157 1567 294 1690 {imi
323 1604 469 1662 carnemt
491 1597 648 1663 astutiam
671 1597 857 1684 praevalere,
880 1581 1074 1684 impetratis,
1089 1603 1129 1662 ut
1148 1594 1282 1674 dicitur,
1296 1595 1371 1661 aliis

156 1693 303 1819 affl
324 1699 437 1775 Bullis,
461 1700 565 1785 magis
594 1698 832 1765 favorabilibus
855 1720 914 1785 pro
941 1703 1035 1785 parte
1061 1720 1129 1776 sua,
1152 1697 1195 1762 ad
1225 1697 1369 1784 patriam

159 1826 267 1890 brought
322 1801 428 1867 redire
458 1802 621 1888 disposuit
647 1823 721 1866 cum
745 1800 876 1866 eisdem.
924 1802 1073 1887 Cumque
1104 1799 1252 1866 venisset
1284 1800 1369 1867 Lon·

156 1893 241 2009 {ism
257 1893 300 1944 ²¹¹⁰
324 1903 445 1981 douias,
469 1906 513 1970 ab
536 1904 756 1970 servientibus
779 1904 887 1990 regiis,
910 1905 967 1989 qui
990 1902 1117 1970 Abbati
1144 1903 1311 1980 favebant,
1335 1907 1369 1969 et

182 1974 232 2025 mg.
322 2008 458 2072 forsitan
483 2008 525 2072 ad
548 2007 610 2072 hoc
633 2005 787 2071 conducti
817 2005 960 2086 fuerant,
982 2005 1174 2093 exploratus
1196 2011 1232 2072 et
1254 2012 1369 2094 captus

321 2118 391 2191 est;
421 2118 455 2175 ct
482 2111 525 2175 ad
553 2109 654 2196 Regis
677 2110 888 2195 praesentiam
912 2109 1077 2175 adductus
1100 2116 1158 2189 est,
1183 2110 1225 2175 ad
1249 2109 1369 2176 Marle·

322 2213 433 2299 bergh,
458 2213 499 2277 de
522 2212 678 2277 mandato
703 2213 809 2298 Regis.

336 2537 385 2603 Dc
420 2538 538 2616 redita,
561 2538 725 2625 ereptione,
754 2546 783 2606 ct
815 2539 1096 2620 incarceratione,
1121 2539 1282 2608 ll'illelma'
1314 2541 1355 2608 de

638 2642 830 2708 deuteriam
848 2643 1045 2729 prceaototc'.

156 2813 300 2870 Somne
367 2794 573 2880 Interceptus
604 2793 717 2880 itaque
749 2802 801 2859 cst
832 2794 867 2858 in
902 2794 1051 2861 saeculari
1083 2794 1210 2875 habitu,
1236 2802 1270 2861 et
1297 2797 1367 2862 sine

156 2880 309 3004 {affigffigr
319 2904 462 2976 tonsura,
480 2904 517 2962 ut
541 2896 740 2985 praedicitur,
757 2896 792 2960 in
815 2898 897 2962 urbe
912 2899 1059 2985 praefata.
1113 2898 1185 2963 Rex
1208 2920 1288 2964 vero
1309 2921 1368 2985 per

154 3016 227 3078 garta
245 3020 294 3069 and
321 3001 551 3067 Vioecomitem
577 3000 617 3065 de
634 2998 812 3064 Londoniis
835 3021 909 3063 euru
934 3000 1122 3065 Londonias
1145 3000 1257 3066 reduci
1281 3000 1367 3082 fecit,

155 3082 306 3216 ζὶξῇξξὲἔ
320 3111 353 3170 ct
376 3106 411 3168 in
435 3104 583 3170 custodia
605 3103 765 3183 detincri3
798 3101 901 3168 donec
924 3102 1052 3168 Abbati
1076 3104 1263 3170 mandasset
1287 3103 1369 3192 quid

155 3217 241 3266 orders
257 3220 309 3270 into
320 3208 441 3274 faceret
464 3209 504 3272 de
527 3208 649 3273 eodem.
696 3205 801 3271 Paulo
831 3211 907 3291 post
930 3205 1094 3271 Dominus
1118 3207 1191 3272 Rex
1214 3207 1293 3300 fecit
1316 3206 1370 3272 dc·

154 3281 307 3402 {ffiffil
321 3311 453 3376 liberari
487 3311 644 3376 custodiae
674 3308 818 3374 Abbatis
848 3308 987 3373 eundem
1019 3308 1231 3391 Willelmum,
1262 3314 1370 3376 eristo-

154 3420 203 3472 bot
321 3413 479 3477 dienduur
514 3434 631 3499 corpus
668 3435 728 3498 pro
766 3433 908 3498 corpore,
942 3411 1045 3475 donec
1077 3410 1192 3477 Abbas
1224 3435 1244 3476 a
1277 3413 1368 3502 Rege

154 3504 253 3619 {302²
320 3514 410 3579 aliud
433 3537 530 3600 super
552 3515 666 3580 eodem
689 3514 725 3578 in
748 3513 914 3579 mandatis
937 3514 1118 3600 recepisset.
1176 3514 1266 3594 Quid
1289 3537 1369 3583 vero

155 3636 271 3687 whatbe-
319 3617 534 3682 continebant
566 3617 681 3698 Bullae,
722 3640 803 3703 quas
836 3617 958 3682 dicitur
995 3616 1156 3696 attulisse,
1188 3622 1249 3682 aut
1286 3618 1380 3705 quid*

154 3720 223 3753 ΜΘ
235 3705 264 3754 of
269 3704 308 3753 ¹¹¹⁸
320 3721 360 3786 dc
382 3720 429 3785 eis
452 3721 576 3785 facturn
600 3725 658 3795 est,
691 3720 813 3797 Abbas,
838 3725 872 3784 et
896 3719 958 3785 Oui
981 3719 1115 3805 cognita
1141 3725 1221 3785 suut
1247 3720 1369 3798 omnia,

155 3771 234 3822 Bulls.

320 3824 406 3888 solus
428 3824 531 3889 novit.

155 3939 308 3990 'rhefnends
366 3927 506 4006 Interea,
524 3928 605 3993 dum
624 3927 780 4014 praefatus
796 3925 980 3990 Willelmus
998 3925 1039 3989 de
1061 3926 1254 3990 Somertone
1274 3926 1369 4012 juste

154 4006 298 4126 gnse‘ffi
315 4033 416 4118 juxta
432 4055 492 4097 sua
506 4031 665 4096 demerita
687 4031 723 4095 in
746 4029 896 4095 custodia
914 4034 1092 4105 teneretur,
1116 4029 1260 4094 fautores
1282 4029 1369 4116 ejus-

154 4140 213 4251 1⁰9(st
221 4140 260 4218 sor
269 4142 308 4193 his
320 4136 403 4214 dem,
431 4133 595 4200 Dominus
628 4133 792 4199 Robertus
815 4131 1011 4210 Walkefare,
1035 4136 1070 4196 et
1093 4130 1163 4214 ejus
1185 4132 1368 4219 complices,

165 4205 291 4258 mmm
320 4261 445 4308 necnon
476 4238 639 4304 Dominus
662 4237 803 4301 Thomas
834 4234 1004 4320 Rosselyn,
1029 4239 1063 4298 et
1094 4234 1192 4299 multi
1223 4235 1290 4312 alii,
1318 4236 1368 4301 iu·

320 4346 485 4407 steterunt
508 4340 664 4406 obnixius
686 4361 745 4426 pro
761 4335 997 4403 deliberatione
1013 4358 1080 4401 sun.
1127 4336 1241 4402 Plures
1264 4338 1368 4404 etiam

701 4616 706 4648 ¹
717 4618 858 4685 peccuniam
871 4617 897 4665 iu
911 4615 965 4669 lis.
