3038 5452
323 672 365 734 80
699 687 806 736 orsus
829 685 993 738 sasernis

163 861 299 926 ΜΝ,
324 874 342 900 “
361 871 501 937 Francus,
520 888 574 927 uec
599 872 725 943 Anglus,
753 872 790 928 do
815 873 903 929 terris
929 874 1061 945 ipsorum
1087 873 1211 930 Abbatis
1238 880 1270 931 et
1294 873 1374 932 Cou-

183 931 269 1048 Affi
325 959 344 982 ‘⁴
363 961 476 1019 ventus,
497 961 548 1012 aut
565 957 731 1012 homiuibus
751 957 821 1022 suis,
842 976 874 1012 se
892 957 924 1012 in
942 959 1042 1030 aliquo
1060 957 1245 1023 intromittat,
1262 958 1321 1015 nisi
1340 967 1375 1016 ct

200 1038 278 1116 Abs
325 1043 344 1068 ‘⁶
363 1041 490 1095 ministri
509 1041 564 1105 sui,
585 1041 691 1112 quibus
709 1041 878 1112 hujusmodi
896 1059 996 1097 curum
1014 1043 1196 1098 committere
1212 1043 1374 1105 voluerint,

183 1135 287 1184 1302-8.
324 1128 343 1151 ‘⁴
362 1130 479 1180 retorna
490 1125 624 1181 brevium
636 1126 855 1197 progenitorum
868 1131 1033 1181 nostrorum
1053 1126 1268 1198 predictorum,
1280 1127 1373 1182 liber·

156 1231 278 1317 wege-h
325 1211 343 1236 ‘⁸
364 1214 438 1264 tetes
457 1227 524 1265 suos
554 1210 738 1282 tangentium
758 1210 876 1274 habere,
906 1211 1149 1303 summonitiones
1170 1217 1202 1267 et
1228 1211 1374 1267 attachin-

158 1335 163 1345 .
279 1293 290 1305 “
325 1295 461 1348 “menta
514 1311 559 1348 um
589 1294 666 1348 infra
696 1293 772 1349 liber
834 1313 848 1348 s
885 1295 900 1349 f
932 1294 1020 1349 ieuda
1072 1313 1101 1349 m
1186 1296 1192 1308 '
1230 1338 1237 1360 ,
1269 1295 1285 1349 f
1317 1313 1335 1349 e

156 1349 310 1450 iffifflie„
324 1380 344 1404 “
363 1313 592 1443 consucvbiunt3
611 1395 722 1448 nosque
734 1300 931 1449 poriiriioduriri
943 1377 979 1433 ad
996 1301 1373 1451 requiisietibirbibtejubiiei:

156 1465 234 1516 ofthe
324 1463 343 1489 ‘⁴
362 1461 496 1523 Abbetis,
514 1462 720 1527 concessimus,
740 1480 792 1533 pro
817 1463 900 1518 nobis
922 1468 952 1519 et
972 1461 1137 1518 heredibus
1154 1463 1271 1528 uostris,
1289 1462 1374 1535 quod

157 1534 244 1615 subet
260 1532 288 1582 ⁰f
323 1549 341 1574 “
360 1547 431 1601 licet
463 1546 541 1601 idom
567 1547 666 1602 Abbas
695 1554 725 1602 et
753 1546 920 1603 Conventus
955 1547 1086 1617 ejusdcm
1114 1547 1173 1602 loci
1197 1547 1298 1619 alique
1319 1548 1373 1603 vel

156 1603 261 1716 ffiffs
325 1631 508 1702 “aliquibus
535 1631 720 1686 libertatibus
746 1631 789 1687 cis
823 1649 877 1703 per
904 1630 1020 1686 chartas
1054 1631 1275 1703 progenitorum
1301 1649 1373 1687 uos-

262 1703 268 1715 ’
324 1718 343 1742 “
362 1721 473 1771 trorum
493 1714 699 1787 praedictorum
718 1715 874 1779 concessis,
900 1716 1040 1770 hacteuus
1059 1715 1157 1787 ulique
1181 1733 1251 1771 casu
1275 1732 1373 1771 emer·

324 1802 343 1826 “
363 1805 449 1870 gente
471 1800 518 1854 usi
540 1817 596 1854 non
616 1799 734 1861 fuerint,
756 1798 845 1853 iidem
859 1807 957 1853 tamen
973 1798 1071 1854 Abbas
1093 1806 1124 1855 ct
1144 1799 1321 1863 Conventus,
1341 1808 1374 1857 et

324 1886 342 1909 “
363 1901 545 1938 successores
584 1884 638 1946 sui,
668 1884 803 1938 libertato
833 1884 880 1938 vel
912 1883 1096 1939 libertatibus
1129 1883 1191 1938 suis
1221 1883 1375 1954 gaudeant

324 1971 342 1994 ‘⁴
361 1969 486 2038 plenius,
507 1974 537 2023 et
560 1974 768 2032 utantur;—tu
788 1975 819 2023 et
841 1968 970 2022 ministri
996 1968 1052 2030 tui,
1072 1968 1154 2022 nulla
1177 1967 1278 2022 habita
1301 1984 1373 2024 con·

324 2054 343 2078 “
363 2052 538 2108 sideratiouo
570 2051 607 2106 ad
638 2060 768 2107 tenorem
801 2051 969 2107 chartarum
1004 2051 1220 2123 predictarum,
1247 2057 1278 2106 et
1300 2069 1374 2107 cou-

323 2140 342 2162 “
362 2137 522 2191 cessionem
537 2142 666 2191 nostram
680 2136 858 2207 praedictam,
871 2136 1022 2191 libertates
1040 2136 1134 2208 ipsius
1148 2136 1270 2192 Abbatis
1290 2137 1374 2209 apud

323 2223 342 2246 ‘⁴
361 2220 553 2288 Wyneslawe,
565 2219 715 2283 Grcncbr',
728 2220 856 2291 Siptonc,
871 2220 1042 2284 Horewode‚
1050 2227 1080 2276 et
1091 2220 1210 2285 Astone,
1220 2222 1251 2274 in
1259 2220 1375 2277 ballivo

324 2308 342 2331 “
362 2310 421 2367 tus,
442 2310 476 2359 ut
489 2304 727 2359 summonitiones
746 2310 776 2359 ct
792 2304 1017 2360 attachiamenta
1029 2305 1137 2360 ibidem
1158 2305 1254 2360 facere
1266 2305 1374 2376 possit,

324 2394 343 2416 “
363 2388 538 2459 impedistis,
563 2395 594 2444 ct
611 2388 705 2444 adhuc
724 2388 882 2460 impeditis,
896 2389 993 2444 minus
1008 2389 1098 2460 juste,
1118 2395 1220 2444 contra
1236 2396 1374 2445 tenorem

324 2473 529 2528 “chartarum
557 2473 772 2544 praedictarum,
796 2481 827 2528 et
847 2473 1061 2528 concessionem
1089 2479 1219 2530 nostram
1247 2473 1377 2545 praedic·

324 2560 343 2582 “
364 2562 433 2612 tom.
471 2557 510 2612 Et
522 2557 590 2628 quia
608 2558 763 2627 praelatum
775 2556 928 2621 Abbotem,
949 2564 1050 2615 contra
1067 2558 1282 2613 concessionem
1293 2576 1374 2630 praa·

325 2645 344 2668 “
365 2641 481 2706 dictam,
501 2641 637 2696 nolumus
658 2640 786 2695 indebito
805 2642 993 2712 praegravari,
1015 2641 1268 2714 tibipriecipimus
1288 2643 1373 2712 quod

325 2730 344 2754 “
365 2726 488 2780 cundem
506 2725 651 2780 Abbutem
678 2725 863 2780 libertatibus
883 2727 944 2781 suis
963 2727 1112 2798 praedictis
1129 2729 1160 2780 in
1178 2726 1287 2781 balliva
1305 2746 1373 2793 sua,

326 2815 344 2838 ‘⁴
362 2811 447 2882 juxta
471 2816 602 2865 tenorem
633 2809 799 2863 chartarum
822 2828 950 2874 suarum,
976 2818 1007 2866 ct
1031 2811 1226 2866 concessionis
1250 2819 1374 2877 nostrae,

325 2899 344 2922 ‘⁴
364 2894 579 2967 praedieterum,
597 2894 640 2948 uti
666 2901 696 2948 ct
721 2893 849 2963 gaudere
874 2894 1037 2965 permittas,
1056 2895 1163 2965 ipsum,
1184 2899 1286 2949 contra
1303 2912 1375 2950 con·

325 2984 343 3007 ‘⁶
364 2980 523 3035 cessionem
552 2978 682 3041 eandem,
707 2995 764 3032 non
787 2995 914 3047 gravans
933 2978 963 3032 in
989 2979 1097 3049 aliquo,
1128 2996 1181 3033 seu
1200 2979 1372 3035 molestans.

325 3070 343 3092 “
363 3066 449 3119 'Peste
474 3064 595 3135 meipso,
622 3062 699 3134 apud
726 3063 892 3124 Lanreeost,
913 3069 994 3118 sexte
1012 3062 1059 3116 dio
1089 3062 1269 3125 Decembris,
1293 3081 1374 3120 anno

324 3154 342 3177 “
362 3149 445 3221 regni
464 3148 557 3203 nostri
575 3148 724 3203 tricesimo
743 3147 875 3217 quinto.'’

325 3507 329 3518 .
360 3429 726 3518 1[Qaicto·clomontic
740 3428 838 3514 focio
860 3428 1067 3496 Moscostcm'o
1090 3451 1112 3493 a
1135 3428 1274 3497 Robcrlo
1295 3429 1338 3496 dc

767 3533 937 3619 Rectene]

156 3684 302 3748 Quitelaim
369 3683 532 3749 Robertus
553 3683 593 3746 de
614 3684 768 3762 Bustone‚
784 3682 886 3761 miles,
909 3683 1373 3768 quietatur-clamantiumfecit

154 3753 295 3870 ffiidfiisso,
322 3787 479 3875 proedicto
503 3784 682 3871 ²[Abbati]
708 3793 742 3851 et
757 3784 953 3864 Couventui,
978 3793 1012 3851 et
1035 3786 1273 3851 successoribus
1292 3789 1372 3868 suis,

154 3885 280 4017 2233ss-
323 3891 364 3956 de
385 3911 454 3955 uno
487 3889 654 3975 mesuagio
678 3895 711 3953 et
734 3894 807 3953 octo
829 3888 961 3953 bevotis
984 3895 1090 3967 terrm,
1113 3889 1149 3952 in
1173 3889 1372 3975 Appeltoue,

156 4019 301 4071 siractert
323 3995 358 4059 iu
394 3991 585 4070 Holrlerieb,
618 3998 652 4056 et
690 3993 724 4054 in
760 3991 975 4055 advocatione
1010 3991 1109 4056 ‹lictae
1147 3991 1289 4057 ecclesiae
1327 3993 1370 4058 de

155 4085 518 4203 flffffierrippeltoue,
542 4094 577 4158 iu
612 4095 735 4180 Vigilia
770 4094 884 4159 Sancti
920 4094 1075 4160 Matthaei
1098 4093 1259 4180 Apostoli,
1282 4116 1370 4162 auno

154 4235 242 4283 susge,
324 4200 458 4267 Domini
499 4198 672 4264 millesimo
703 4197 933 4263 trecentesimo
963 4202 1067 4273 sexto,
1090 4202 1125 4262 et
1160 4218 1246 4262 anno
1276 4199 1371 4287 regui

156 4287 299 4404 ifflffi
324 4307 421 4392 Regis
444 4301 603 4368 Edwardi
626 4301 793 4366 tricesimo
816 4304 941 4387 quarto.

975 4505 1027 4511 ..-
1054 4505 1368 4515 -——————-—=

359 4605 437 4659 'The
448 4605 544 4660 Rubrio
556 4605 578 4655 ia
589 4605 693 4654 omitted
703 4604 731 4662 in
742 4603 797 4652 MS.
846 4603 852 4669 Ι
898 4600 1069 4653 ²0mittcdiu
1079 4601 1139 4656 MS.
