3022 5460
415 730 627 780 uoussrnuu
649 733 771 782 salvom
792 731 928 782 nunnus
1142 726 1203 787 165

1247 945 1333 1008 Husu

1263 1012 1325 1061 aas

196 1059 245 1125 Dc
272 1058 486 1127 libertatibus
507 1061 547 1126 dc
568 1061 696 1126 Abbutc
718 1068 901 1126 montovalo
923 1061 1067 1128 allanto
1085 1083 1175 1148 prce·
1243 1076 1342 1139 About,

386 1162 792 1250 ducominunam
814 1162 979 1229 cosmas.
1232 1142 1355 1261 1333,

202 1322 275 1403 Quo
291 1323 345 1388 dic
359 1323 473 1389 Abbas
495 1345 553 1410 per
574 1329 640 1389 tres
663 1324 847 1401 monachos,
862 1323 1025 1401 videlicet,
1042 1324 1201 1390 Dominos
1214 1306 1369 1394 maschot

156 1422 331 1489 uicouum
363 1425 404 1490 de
436 1425 635 1502 rumssuue,
669 1425 848 1491 marcum
880 1425 920 1490 de
955 1425 1133 1504 netimeas,
1166 1432 1200 1491 es
1212 1411 1371 1538 ἓξὲξ

156 1525 342 1593 Johunncm
366 1527 451 1610 Pyk,
482 1533 517 1592 ct
548 1527 746 1613 Magistrum
777 1527 937 1592 Thomam
972 1527 1084 1612 Pyrot,
1107 1527 1332 1618 Jurisatucst-

158 1627 276 1693 Civilis
299 1628 523 1708 Professorem‚
554 1631 595 1695 dc
629 1652 786 1695 consensu
818 1630 1004 1716 praestando
1038 1629 1200 1696 sufficiens
1212 1615 1356 1738 ffifgrsse

156 1731 347 1796 mandatum
370 1715 536 1806 babentes,
560 1732 629 1796 suis
660 1732 855 1796 adversariis
889 1733 1083 1800 occurrebat.
1131 1732 1283 1798 Ubitoan
1298 1741 1337 1790 in·

155 1840 230 1917 post
246 1832 366 1897 multas
382 1833 633 1919 disceptationes
656 1838 690 1899 et
712 1835 959 1912 controversias,
974 1835 1009 1898 in
1025 1835 1200 1920 quamdam
1212 1807 1361 1924 mmm

154 1935 365 2000 indenturam
387 1943 498 2020 partes
521 1942 754 2001 consenserunt
766 1960 774 2015 ;
807 1937 844 2000 in
875 1958 941 2021 qua
970 1938 1200 2003 continebatur
1213 1939 1329 2001 whereas,

153 2037 242 2122 quod
276 2037 399 2124 viginti
433 2044 576 2123 quatuor
609 2039 649 2102 de
680 2038 761 2102 villa
795 2039 909 2103 Sancti
943 2039 1062 2103 Albani
1094 2042 1199 2127 magis
1210 2007 1348 2124 ξῐζξζξζ

152 2139 264 2204 fideles
287 2139 390 2216 electi,
413 2140 680 2226 perambularent
702 2140 792 2205 villae
819 2141 948 2218 limites,
977 2145 1011 2205 et
1044 2143 1198 2228 antiquas
1211 2148 1358 2256 ffibtffi·

153 2247 265 2317 metas,
288 2241 430 2308 fideliter
461 2242 680 2307 consideratas
711 2251 745 2307 et
776 2247 916 2320 notatas,
940 2249 1176 2328 praesentarent
1188 2269 1197 2322 ;
1211 2271 1345 2331 thetom

152 2347 188 2407 et
210 2344 297 2428 quod
320 2344 434 2409 Abbas
456 2349 491 2409 ct
514 2343 704 2409 Conventus
726 2343 835 2429 sigillo
857 2365 916 2409 suc
939 2345 1102 2410 communi
1124 2337 1353 2454 con-&xm

152 2446 323 2510 firmarent
343 2445 562 2532 burgensibus
585 2445 699 2510 Sancti
721 2445 854 2526 Albani,
877 2452 911 2510 et
941 2468 1054 2512 eorum
1076 2469 1198 2512 succes·
1211 2471 1342 2522 nemetes

152 2547 288 2624 soribus,
304 2547 383 2612 data
399 2548 490 2635 prius
505 2547 552 2612 cis
566 2547 693 2625 saisina,
708 2548 882 2633 praedictas
898 2554 1002 2614 metas
1017 2554 1051 2614 et
1065 2548 1198 2628 bordas,
1211 2540 1352 2655 ’ἄξω

153 2657 187 2716 et
225 2649 375 2736 quaedam
421 2649 494 2726 alia,
535 2648 687 2714 Ecclesiae
733 2649 845 2714 Sancti
892 2649 1014 2714 Albani
1059 2651 1198 2717 nimium

151 2773 294 2817 onerosa

196 2854 367 2919 Praetcxtu
382 2854 476 2938 cujus
490 2853 680 2932 concordiae,
696 2854 792 2919 electi
815 2859 893 2918 sunt
916 2855 1039 2940 viginti
1056 2863 1198 2941 quatuor
1208 2868 1264 2918 The
1276 2875 1306 2917 24

151 2956 298 3022 homines
320 2958 361 3022 de
383 2955 464 3019 villa
486 2955 600 3020 Sancti
623 2956 745 3021 Albani
768 2955 980 3042 provectioris
1002 2958 1111 3023 aetatis
1140 2952 1317 3063 ρετξίξξῐζὲ

151 3059 300 3135 villanos,
335 3062 434 3145 prout
467 3057 615 3143 superius
652 3064 850 3123 conventum
884 3062 952 3137 est3
986 3059 1043 3142 qui
1080 3060 1196 3126 Idibus
1209 3071 1359 3149 palectu,

151 3160 267 3225 Martii
294 3161 331 3224 in
362 3160 494 3226 ecclesia
527 3160 640 3224 Sancti
663 3160 795 3236 Albani,
824 3161 859 3222 in
894 3160 963 3224 loco
994 3158 1196 3241 consistorii,
1208 3140 1367 3271 {1¹⁸3ssng

150 3285 260 3328 coram
296 3263 438 3342 Abbate,
469 3267 503 3327 et
542 3261 613 3347 ejus
652 3262 807 3342 Consilio,
846 3283 944 3349 super
981 3266 1095 3327 sancta
1133 3263 1196 3330 Dei
1209 3271 1252 3320 the
1267 3272 1324 3322 1⁵th

151 3365 334 3452 Evangelia
355 3365 550 3453 singillatim
569 3365 768 3449 juraverunt
790 3366 878 3452 quod
900 3365 1029 3431 fidelem
1051 3365 1197 3432 facerent
1208 3336 1369 3469 ffiffiiim

148 3467 463 3553 perambulationem
485 3468 582 3532 dictae
604 3467 700 3533 villae.
1208 3473 1310 3522 makes

196 3568 291 3648 Quod
315 3570 448 3653 quidem
471 3569 583 3634 cadem
607 3568 659 3633 die
682 3574 716 3632 et
738 3567 791 3631 dic
814 3569 966 3652 sequenti
989 3590 1085 3655 opere
1108 3590 1193 3635 com·
1207 3542 1341 3661 stiffi,

149 3671 333 3759 plcverunt‚
356 3676 395 3734 ut
424 3671 585 3736 dicebant.
632 3669 737 3755 Cujus
766 3668 1061 3755 perambulationis
1092 3678 1195 3736 metus
1209 3675 1295 3727 lation.

149 3779 184 3839 et
206 3779 353 3839 tenorem
370 3773 405 3836 in
421 3772 563 3857 quadam
586 3773 772 3848 ludentum,
787 3772 904 3858 sigillis
927 3793 1039 3837 eorum
1054 3773 1194 3858 signata,
1206 3767 1371 3855 Therergm.

149 3875 309 3940 conscribi
332 3875 488 3950 fecerunt,
505 3874 566 3939 sub
589 3874 693 3939 formu
714 3875 916 3959 sequenti-
1206 3841 1358 3974 id'ffifflgg,

1204 3976 1254 4023 and
1266 3984 1305 4025 set
1318 4026 1320 4028 ,

1203 4041 1271 4090 forth
1282 4042 1308 4089 in
1321 4057 1353 4092 un

1203 4107 1333 4158 indenture

1204 4177 1280 4225 under
1291 4180 1349 4228 seul.
