3038 5452
322 726 388 791 230
705 736 816 787 unsri
837 738 999 789 mauron

152 930 340 994 malumst
362 924 516 1013 ipsorum,
548 925 589 991 de
618 926 855 991 communitate
877 925 967 991 villae
992 924 1168 1013 praedictoe,
1190 922 1378 1013 inceperint

179 1000 274 1126 ὣς
322 1030 416 1095 “vel
436 1029 616 1116 inceperit3
642 1029 808 1115 querelam
830 1050 933 1108 suam,
949 1028 1027 1094 licet
1048 1026 1228 1117 periculum
1247 1026 1376 1107 mortis,

197 1132 265 1182 an
322 1138 341 1168 “
364 1132 416 1197 vel
439 1131 505 1196 alia
532 1154 734 1218 quaecunque
755 1134 884 1211 damna,
906 1130 962 1197 vel
980 1136 1128 1209 mortem,
1148 1152 1189 1197 ea
1208 1130 1377 1197 οοωιὶοιιο

174 1203 574 1313 1θῖὅζδῦἐιιειίιιοιειιιῐ,
590 1241 852 1303 manutenerent.
887 1236 933 1301 Et
947 1235 991 1301 ad
1009 1234 1321 1301 confoederationem
1340 1238 1377 1301 et

324 1344 341 1374 “
364 1338 644 1405 confirmationem
659 1338 831 1426 praedictas
841 1338 1020 1405 fovendum
1035 1343 1070 1404 et
1081 1338 1378 1419 manutenendum,

323 1446 342 1474 “
365 1441 543 1527 quamdam
573 1441 690 1506 cistam
716 1462 930 1519 communem,
960 1444 994 1505 et
1017 1440 1203 1507 collectores
1225 1440 1377 1507 denario-

325 1549 344 1577 ¹‘
366 1565 448 1621 rum,
477 1565 518 1608 ex
548 1566 643 1609 causa
672 1544 832 1630 praedicta
856 1542 1081 1621 levandorum,
1105 1542 1196 1609 iuter
1225 1564 1260 1609 se
1287 1542 1378 1609 ordi·

325 1653 344 1681 “
368 1650 553 1725 naverunt3
578 1652 612 1712 ct
632 1646 777 1711 diversas
801 1644 975 1732 lpecunias
1001 1645 1042 1711 de
1068 1644 1207 1712 diversis
1232 1644 1379 1712 homini-

323 1760 339 1786 “
362 1749 431 1826 bus,
449 1772 508 1835 pro
522 1749 672 1837 partibus
692 1750 760 1814 suis
775 1748 938 1835 praedictis
952 1749 1214 1828 manutenendis,
1228 1754 1379 1817 extorse-

325 1858 344 1888 “
366 1855 446 1916 runt
459 1876 468 1931 3
490 1859 524 1916 et
539 1851 705 1917 Abbatem
721 1857 756 1917 et
771 1850 1018 1917 commonachos
1032 1850 1180 1936 ejusdem
1194 1851 1326 1933 domus,
1341 1858 1378 1920 et

326 1964 342 1990 “
366 1955 513 2019 homines
549 1955 729 2018 servientes
765 1954 910 2038 ejusdcm
939 1952 1129 2033 abbathiae,
1164 1975 1185 2017 a
1213 1954 1379 2040 praedicta

323 2063 341 2092 “
365 2057 537 2121 Dominica
571 2078 629 2142 per
660 2062 790 2142 tempus
830 2078 897 2121 non
937 2055 1144 2121 modicum
1134 2077 1171 2120 ιιι
1202 2056 1380 2123 Abbatbia

322 2164 341 2193 “
364 2158 523 2243 praedicta
548 2158 754 2235 obsederamt,
777 2160 846 2222 et'
837 2180 924 2244 ipsos
940 2159 985 2225 sic
1008 2158 1153 2225 obsessos
1173 2162 1381 2241 tenuerunt;

324 2270 342 2296 “
364 2260 438 2323 aliis
462 2260 731 2376 malefactoribus,
737 2282 806 2428 tpro
831 2260 997 2326 maleficiis
1016 2261 1180 2348 praedictis
1205 2260 1379 2346 faciendis,

324 2370 342 2398 “
369 2362 621 2429 coadunatiet
586 2368 621 2429 et
651 2363 789 2441 sociatis,
805 2385 931 2450 semper
954 2364 1060 2429 eidem
1082 2363 1209 2430 Abbati
1232 2368 1268 2430 et
1290 2388 1379 2433 com-

324 2474 342 2500 “
365 2466 540 2544 monachis,
574 2470 608 2531 et
641 2465 829 2531 hominibus
868 2467 944 2545 suis,
973 2466 1014 2532 de
1052 2467 1124 2531 vita
1154 2472 1188 2533 et
1217 2470 1380 2537 membris

322 2574 342 2604 “
364 2567 530 2648 minando,
561 2589 729 2653 quousque
751 2568 839 2633 idem
865 2568 978 2633 Abbas
1001 2575 1037 2634 et
1062 2570 1316 2650 Conventus,
1278 2580 1380 2641 vict

324 2677 341 2705 “
364 2672 492 2750 timore,
524 2670 757 2736 concessissent
792 2671 838 2735 eis
867 2675 973 2736 certos
1012 2672 1189 2751 libertates,
1218 2672 1379 2743 Ecclesiae

323 2781 341 2808 “
365 2775 405 2838 de
435 2773 557 2839 Sancto
587 2773 717 2837 Albano
754 2773 976 2859 pertinentes;
1001 2774 1164 2854 videlicet,
1195 2776 1268 2841 fieri
1298 2778 1379 2843 bur-

323 2884 339 2910 “
362 2898 484 2965 gemes,
505 2882 540 2941 et
564 2875 753 2940 habendum
774 2876 957 2941 duodenam
986 2877 1027 2941 de
1058 2878 1181 2965 seipsis,
1208 2878 1267 2945 ubi
1291 2882 1376 2947 sole-

325 2987 343 3015 “
366 2982 448 3046 bant
478 3002 551 3044 curu
590 2978 755 3044 forinsecis
785 2977 825 3042 de
854 2978 1008 3044 libertate
1042 2980 1192 3066 praedicti
1228 2980 1376 3049 Abbatis

323 3093 340 3118 “
364 3083 509 3170 adjungi,
541 3086 677 3168 excepto
707 3082 743 3145 in
768 3078 901 3160 Itinere,
926 3086 961 3146 et
992 3086 1164 3148 rotumum
1198 3080 1376 3152 ²brevium

322 3194 339 3220 “
362 3185 497 3251 Domini
521 3184 628 3271 Regis,
652 3189 686 3249 et
701 3184 883 3248 custodiam
902 3184 1011 3249 assisae
1031 3186 1126 3271 panis
1147 3189 1183 3250 et
1203 3182 1375 3256 ³eervisiae

322 3293 340 3322 “
363 3289 485 3368 fractae,
506 3288 541 3351 in
563 3287 728 3353 laesionem
750 3285 914 3352 libertatis
939 3287 1081 3353 ecclesiae
1104 3289 1311 3375 supradicte

370 3410 387 3437 “
413 3403 460 3467 Et
482 3403 702 3489 postmodum,
720 3401 838 3466 Petrus
862 3401 902 3466 de
931 3401 965 3464 la
991 3401 1134 3488 Condyt,
1159 3408 1193 3469 et
1223 3404 1292 3485 alii,
1315 3429 1376 3473 au.

323 3510 342 3539 “
365 3504 457 3568 dacia
480 3504 668 3589 hujusmodi
689 3503 912 3590 usurpationis
935 3525 1010 3581 suae,
1031 3526 1070 3569 ac
1087 3505 1188 3569 etiam
1205 3508 1374 3575 oonfoede·

323 3606 490 3670 “ratione
525 3611 559 3670 et
594 3605 833 3691 conspiratione
860 3627 920 3670 sua
948 3605 1113 3691 praedicta,
1136 3607 1227 3693 apud
1255 3610 1374 3678 villam

323 3715 340 3744 “
362 3707 404 3772 de
419 3708 539 3772 Sancto
557 3707 696 3784 Albano,
718 3712 757 3771 ut
771 3707 970 3792 praedicitur,
985 3707 1118 3789 habitis,
1140 3711 1375 3798 conspirarunt

323 3816 341 3847 “
363 3810 445 3875 falso
465 3815 500 3875 ot
523 3810 683 3874 malitiose
702 3809 726 3873 J
728 3809 892 3874 ohannem
909 3809 950 3874 de
972 3809 1162 3889 llaideford
1181 3811 1374 3885 Johannem

323 3922 342 3948 “
364 3914 405 3978 de
429 3913 563 3989 Barnet‚
583 3910 607 3977 J
609 3911 769 3976 ohannem
793 3911 833 3976 de
857 3911 1008 3991 Suttone,
1026 3912 1175 3980 homines
1193 3915 1275 3982 dicti
1300 3920 1374 3986 Ab·

323 4023 341 4053 “
363 4015 460 4093 batis,
494 4016 535 4080 de
565 4018 671 4079 morte
710 4011 849 4078 Walteri
882 4012 923 4078 de
957 4013 1213 4099 Amundesham
1251 4020 1375 4091 valetti

323 4126 341 4156 “
363 4118 509 4205 ejusdem
531 4117 684 4197 Abbatis,
707 4138 764 4202 per
788 4117 946 4202 quosdam
975 4117 1199 4185 malefactores
1222 4122 1374 4208 ejusdem

323 4228 341 4256 “
365 4222 455 4287 villae
488 4221 529 4285 de
555 4219 676 4284 Sancto
705 4219 835 4283 Albano
861 4218 983 4284 ibidem
1012 4219 1189 4303 interfecti,
1215 4230 1252 4290 et
1279 4228 1375 4293 simi-

324 4329 340 4360 “
363 4323 449 4405 liter,
483 4321 670 4403 Ricardum,
704 4320 870 4387 Abbatem
901 4323 942 4386 de
980 4319 1102 4388 Sancto
1138 4324 1279 4409 Albano,
1312 4331 1373 4417 qui

327 4480 539 4489 .—-———--—-
556 4478 782 4485 ..------..-
802 4478 851 4485 --.-
864 4478 872 4485 .
888 4480 894 4484 .
907 4477 971 4483 -

341 4554 349 4585 ¹
358 4553 491 4617 peccunias
502 4550 528 4601 in
539 4552 595 4603 MS.
882 4551 980 4602 hemia
991 4552 1330 4622 blS.;evidentlyinerror.

343 4632 354 4664 ²
364 4633 420 4683 The
428 4633 498 4682 word
507 4637 523 4662 “
533 4630 694 4682 rotomorum”
700 4631 723 4682 is
729 4630 838 4682 inserted
915 4630 926 4661 ³
937 4631 1046 4682 emnia
1056 4632 1083 4682 in
1093 4632 1150 4685 MS.
