3038 5452
328 690 404 779 372'
705 720 811 769 oncri
833 719 997 769 ramnus

179 927 298 985 morum,
329 907 369 971 de
400 906 660 991 Bassyngbornc‚
687 912 722 970 ct
752 905 910 990 quosdam
943 904 1036 983 alios,
1059 923 1201 989 quorum
1239 899 1378 965 nomina

191 992 280 1108 Affi
326 1007 457 1084 reticeo,
471 1029 568 1073 causa
588 1007 770 1074 brevitatis
808 1006 919 1073 Mater
933 1007 1012 1091 ejus,
1027 1004 1136 1071 carnis
1149 1003 1376 1091 generositate

207 1096 288 1176 auf
330 1132 396 1175 non
417 1112 524 1197 impar
553 1111 634 1188 viro,
659 1110 834 1176 “Domina
862 1107 1046 1175 Johanna'’
1075 1113 1203 1184 vocata,
1238 1105 1377 1172 Domini

177 1196 298 1296 ffiffiffl·
328 1214 352 1279 J
353 1215 490 1279 ohannis
504 1215 546 1278 de
568 1213 764 1300 Herpesfeld
786 1213 852 1278 fuit
873 1212 952 1287 filia,
971 1210 1228 1296 ¹11ffili⁸¹¹llllue
1250 1208 1377 1288 famia

328 1316 462 1392 strenui,
485 1321 520 1381 et
542 1316 695 1401 praeclari.

161 1433 236 1484 Birth
245 1437 296 1486 and
374 1419 504 1482 Horum
533 1418 692 1483 Thomam
722 1418 858 1484 decebat
887 1438 955 1482 esse
985 1415 1101 1496 filium,
1132 1415 1192 1501 qui
1214 1413 1376 1480 ¹stcmms

162 1501 293 1618 {ffiffi
328 1521 416 1585 tanti
447 1520 617 1605 sanguinis
645 1519 741 1586 bonis
770 1518 924 1593 moribus,
954 1518 1066 1604 probis
1096 1517 1237 1594 actibus,
1268 1518 1375 1582 virtu-

162 1618 463 1707 ‘rhomardctumque
493 1623 701 1701 successibus,
733 1623 919 1700 decoraret3
949 1625 985 1685 et
1014 1620 1136 1685 mirum
1162 1620 1199 1684 in
1231 1620 1373 1695 modum,

162 1699 186 1748 ¹⁸
203 1699 280 1754 Mm·
326 1748 399 1791 cum
430 1726 552 1790 multos
581 1731 732 1811 parentes
766 1725 836 1809 ejus
873 1730 1095 1810 procreassent
1129 1722 1259 1801 liberos,
1289 1722 1374 1787 hunc

326 1834 438 1892 tamen
461 1829 643 1892 accuratim
673 1831 897 1904 servaverunt,
922 1828 1067 1892 tenerius
1089 1825 1320 1903 confoverunt,
1342 1832 1374 1889 ct

326 1951 393 2015 prae
416 1931 542 1995 caeteris
564 1930 759 1994 dilexerunt
806 1931 889 1994 Erat
911 1930 999 1995 enim
1022 1934 1056 1994 et
1078 1933 1214 2014 aspectu
1230 1928 1373 2005 vividus,

326 2037 360 2097 et
391 2033 624 2097 ²lineamentis
662 2033 814 2097 omnibus
856 2033 905 2097 ita
941 2038 1138 2117 compactus,
1177 2036 1217 2095 ut
1255 2035 1373 2095 natura

326 2133 472 2219 ejusdem
495 2136 612 2221 speciei
635 2156 795 2199 summam
821 2156 957 2199 manum
980 2134 1173 2219 imposuisse
1195 2133 1372 2198 videretur.

161 2235 288 2316 persp·
327 2236 369 2300 In
391 2236 488 2299 aunis
512 2237 672 2321 siquidem
704 2235 923 2302 tenerioribus
944 2236 1043 2300 facies
1073 2233 1218 2312 submla‚
1241 2235 1368 2299 candori

160 2305 303 2432 ffifflu
325 2338 477 2402 decenter
492 2339 653 2425 copulata,
669 2339 706 2402 iu
727 2361 870 2404 amorem
891 2338 984 2425 pueri
1000 2338 1194 2424 aspicientes
1216 2334 1368 2415 ³nllexit;

161 2451 263 2500 Wr-
325 2445 425 2525 caput
447 2440 632 2525 oblongum,
656 2442 702 2505 sic
724 2447 837 2505 tamen
858 2448 988 2505 utnon
1018 2444 1127 2525 posset
1150 2439 1215 2503 dici
1246 2446 1368 2503 naturae

160 2516 229 2551 nnec.
326 2541 455 2618 vitium,
484 2542 616 2607 uultum
652 2564 726 2607 cum
760 2565 839 2607 naso
869 2543 1011 2629 gratiose
1046 2541 1195 2618 deducto,
1231 2542 1367 2627 gerebat.

326 2643 467 2708 Brachia
514 2649 669 2731 protensa
705 2666 822 2709 manns
860 2667 926 2710 non
963 2644 1061 2709 valde
1099 2665 1262 2722 carnosas,
1300 2666 1366 2708 cum

324 2744 440 2832 digitis
462 2745 569 2832 longis
592 2750 627 2810 et
649 2747 833 2832 gracilibus,
849 2747 1054 2811 emittebant.
1104 2744 1267 2810 Praeterea
1289 2745 1368 2809 nihil

325 2854 404 2925 erat,
428 2849 515 2934 quod
545 2848 588 2912 ad
619 2848 765 2913 decorem
790 2849 961 2934 spectabat
982 2849 1087 2912 totius
1110 2847 1263 2933 corporis,
1285 2845 1365 2933 quod

326 2971 394 3015 non
415 2959 534 3018 natura
564 2951 628 3016 sibi
651 2951 820 3037 ingeniosa
843 2957 1024 3036 paraverat

159 3059 288 3126 nagreae
373 3055 490 3121 Inerat
513 3057 543 3121 ei
565 3055 696 3119 animus
718 3053 846 3139 corpori
869 3051 1156 3138 ⁴correspondens,
1181 3074 1310 3139 semper
1330 3051 1365 3116 ad

157 3129 255 3244 ζωωξι,
327 3158 453 3243 optima
482 3180 619 3243 quaeque
653 3162 841 3242 porrectus;
875 3156 1085 3240 quamobrem
1121 3161 1274 3241 parentes
1305 3155 1366 3239 ejus

159 3258 313 3321 plirhrnenrs.
326 3280 400 3323 eum
433 3259 569 3325 ⁵scholis
591 3258 893 3346 grammaticalibus
919 3258 1137 3344 applicarunt,
1169 3259 1366 3345 auspicantes

324 3382 391 3424 non
414 3362 483 3426 sine
514 3361 645 3446 speciali
680 3362 788 3447 gratia
818 3361 1016 3425 Divinitatis
1048 3365 1100 3424 tot
1133 3361 1169 3423 in
1201 3379 1365 3446 personam

318 3462 451 3543 juvenis
467 3463 559 3527 dotes
581 3463 692 3540 animi,
714 3470 830 3550 totque
854 3466 996 3528 virtutes
1019 3464 1166 3540 eximias,
1190 3463 1366 3528 occurrisse

324 3563 432 3648 Igitur
447 3565 483 3627 in
498 3571 597 3629 aetate
614 3570 727 3630 tenera
749 3573 897 3632 auctores
920 3563 1159 3651 ⁰grammaticae
1175 3566 1226 3629 ita
1239 3565 1365 3640 inbibit,

322 3674 362 3730 ut
390 3666 524 3749 juvenis
549 3666 654 3731 factus
678 3666 816 3732 haberet
846 3668 881 3730 in
905 3689 963 3731 suo
986 3674 1115 3753 pectore
1138 3667 1228 3732 uude
1250 3666 1366 3731 multos

322 3768 460 3847 doceret,
483 3768 655 3852 proficeret
678 3791 809 3854 quoque
836 3769 958 3833 multis.
1005 3769 1119 3832 Inerat
1141 3767 1274 3833 ⁷autem
1300 3769 1329 3832 ei
1348 3789 1366 3830 a

322 3869 465 3954 pueritia
503 3871 704 3936 consuetudo
742 3871 897 3935 solemnis
944 3870 1107 3935 ecclesiam
1154 3869 1365 3956 frequentare,

156 3974 295 4041 Bychoiec
323 3972 533 4057 ejusdemque
568 3973 735 4038 ministros
767 3974 888 4050 mirari,
918 3974 1058 4047 laudare,
1082 3974 1255 4051 venerari3
1286 3971 1380 4037 unde-

154 4041 444 4158 lffemmffifactum
474 4080 531 4152 cst,
563 4086 602 4139 ut
636 4098 708 4140 cum
744 4076 1000 4141 adolescentiam
1033 4076 1209 4160 attigisset,
1245 4082 1279 4140 et
1302 4075 1365 4139 viss

153 4177 274 4306 ffifflc
321 4178 439 4255 saeculi,
471 4199 570 4263 quam
600 4178 801 4263 periculosa,
826 4200 926 4263 quam
957 4176 1093 4242 lubricae
1128 4177 1205 4256 siut,
1228 4198 1361 4263 perpen-

1137 4325 1360 4335 *ψ’

353 4401 447 4450 ¹stema
458 4401 487 4450 in
500 4401 554 4452 Ms.
834 4401 838 4466 Ι
886 4397 979 4448 ⁵scolr'a
996 4399 1022 4448 in
1034 4399 1092 4450 MS.

350 4480 361 4511 ²
372 4479 518 4530 liniamentis
527 4480 553 4529 in
565 4480 621 4532 MS.
889 4479 899 4509 ⁶
910 4480 1042 4542 prumalicc
1053 4479 1079 4528 in
1091 4478 1149 4530 MS.

350 4557 549 4610 'abritinMS
889 4556 1140 4620 ⁷BepeatedinMS.

350 4639 360 4669 ⁴
372 4639 548 4703 corcopcndear
558 4639 584 4689 in
596 4639 651 4690 MS.
