3038 5452
322 730 386 799 276
700 737 995 788 neers-maanus

153 938 314 999 RtetamIL,
327 931 346 955 ‘⁴

202 1006 264 1056 atet

184 1073 280 1189 ‘it‘

175 1210 296 1256 w
326 1183 346 1292 :t

365 928 502 999 quodque
525 928 621 982 dictus
646 927 773 981 Garinus
791 925 901 988 Abbas,
927 930 958 978 et
979 941 1080 977 omnes
1102 935 1287 976 suecessores
1311 917 1375 978 sui,

326 1017 345 1039 ‘⁴
364 1010 564 1069 Abbatesloei
577 1011 669 1074 illius,
691 1012 801 1080 absque
822 1009 1044 1080 interruptione,
1057 1007 1094 1061 de
1115 1005 1226 1060 eisdem
1248 1001 1378 1058 seruitio

328 1099 347 1123 ‘⁶
367 1102 399 1151 et
416 1095 543 1160 redditu,
563 1102 598 1151 ut
615 1095 651 1150 de
668 1094 787 1149 redditu
811 1093 935 1155 servitii,
961 1093 1098 1146 continue
1119 1089 1214 1146 seisiti
1239 1088 1375 1151 fuerunt,

365 1180 488 1246 scilicet,
507 1197 561 1252 per
583 1196 687 1234 manus
711 1177 805 1250 ipsius
823 1176 976 1240 willelmi,
996 1175 1034 1231 ad
1054 1181 1147 1231 totam
1163 1175 1257 1229 vitam
1274 1188 1375 1235 mam,

365 1272 396 1321 et
417 1263 566 1336 Radulphi
586 1263 750 1335 Gheyndut,
769 1262 824 1316 filii
851 1269 882 1317 et
907 1261 1034 1317 haeredis
1055 1260 1189 1331 ejusdem
1214 1255 1375 1319 willelmi,

325 1352 345 1375 “
364 1347 506 1404 adtotam
523 1348 616 1402 vitam
634 1364 726 1412 suam,
746 1363 780 1400 ac
798 1345 888 1401 etiam
908 1362 1082 1417 permanan
1103 1338 1325 1414 Stephanum
1344 1345 1378 1393 et

325 1435 345 1458 ‘⁶
363 1432 491 1487 haeredis
510 1431 642 1501 ejusdem
657 1429 816 1502 Badnlphi‚
836 1447 989 1501 quousque
1007 1427 1086 1482 idem
1105 1425 1282 1498 Stephanus,
1297 1430 1378 1478 tem·

324 1518 344 1541 “
363 1533 434 1586 pore
452 1514 572 1569 Domini
591 1513 740 1577 Edwardi,
765 1512 913 1585 quondam
936 1513 1029 1584 Regia
1049 1510 1176 1582 Angliae,
1194 1507 1243 1564 avi
1266 1507 1376 1568 nostri,

325 1601 344 1625 ‘⁶
363 1597 563 1653 molendinum
581 1596 657 1651 illud
668 1597 826 1662 Alienorae,
845 1602 915 1651 tunc
932 1595 1055 1666 Reginae
1067 1593 1195 1664 Anglise,
1215 1591 1289 1647 aviae
1306 1607 1378 1645 noa·

325 1684 344 1708 “
364 1691 427 1746 tre,
447 1681 576 1746 dimisit;
597 1698 616 1735 a
633 1688 765 1752 tempore
785 1680 870 1750 cujus
883 1679 1064 1734 dimissionis
1078 1676 1197 1749 qnidam
1218 1673 1377 1729 Gelu-idua

324 1765 401 1819 “de
426 1764 575 1828 Pictura,
601 1770 671 1818 mne
696 1763 825 1818 ballivus
842 1763 966 1818 manerii
992 1762 1086 1834 ipsius
1110 1761 1185 1815 avire
1209 1765 1319 1814 nostrae
1338 1758 1378 1812 de

324 1851 344 1876 “
363 1848 485 1920 Iangle,
510 1856 542 1904 et
564 1846 751 1919 posmodum
776 1847 828 1902 alii
854 1846 957 1901 ballivi
985 1846 1041 1908 sui,
1063 1851 1125 1900 toto
1148 1852 1280 1914 tempore
1307 1859 1376 1903 suo,

282 1926 286 1932 ’
325 1935 345 1960 “
365 1933 645 2003 subsequenterque,
664 1931 812 1986 Bobertus
833 1931 862 1985 le
878 1930 998 1992 Parker,
1018 1929 1145 1984 ballivus
1171 1926 1307 1999 predicti
1326 1926 1379 1980 avi

325 2017 458 2072 “nostri
481 2017 519 2071 de
539 2016 671 2070 manerio
695 2014 846 2085 praedioto,
864 2020 895 2069 et
912 2031 1011 2068 omnes
1035 2013 1088 2067 alii
1107 2011 1210 2066 ballivi
1234 2011 1291 2074 sui,
1313 2016 1379 2065 toto

324 2103 496 2172 “tempore
515 2118 578 2162 sno,
597 2115 709 2154 necnon
728 2097 824 2153 dietus
837 2096 984 2153 Bobertas
1002 2097 1031 2151 le
1046 2096 1166 2159 Parker,
1185 2094 1378 2166 postmodnm

325 2186 344 2211 ‘⁶
363 2182 490 2237 ballivus
508 2182 628 2236 Domini
640 2180 789 2243 Edwardi,
802 2198 896 2251 nuper
913 2180 1006 2250 Regis
1018 2180 1146 2250 Anglioe,
1163 2178 1257 2250 patris
1267 2179 1377 2242 nostri,

325 2271 345 2295 ‘⁶
363 2267 401 2322 de
419 2266 549 2320 manerio
567 2263 708 2336 praedicto
726 2263 873 2319 redditum
892 2264 977 2318 illum
995 2281 1089 2335 nsque
1106 2263 1145 2318 ad
1161 2280 1272 2317 annum
1287 2263 1379 2333 regni

326 2353 345 2377 ‘¹
364 2350 459 2420 ipsius
485 2349 578 2420 patris
605 2349 699 2403 nostri
725 2348 847 2402 tertium
874 2348 1081 2412 detinuernnt;
1112 2363 1172 2417 quo
1197 2364 1273 2401 anno
1295 2346 1378 2400 idem

326 2435 449 2504 “pater
473 2439 574 2487 noster
594 2431 630 2485 de
656 2431 791 2486 omnibus
815 2431 975 2501 arreragiis
999 2430 1131 2485 redditus
1148 2428 1293 2501 praedicti,
1313 2436 1379 2484 tam

326 2520 345 2543 “
365 2516 402 2570 de
426 2524 559 2587 tempore
584 2532 647 2579 suo,
673 2532 762 2586 quam
780 2515 869 2569 etiam
893 2516 1073 2586 temporibus
1094 2513 1303 2586 praedicatorum
1327 2515 1379 2569 ari

327 2601 347 2626 “
366 2605 397 2654 et
424 2600 499 2654 aviae
528 2605 706 2662 nostrorum,
735 2598 868 2669 Rugum,
900 2606 970 2654 tuno
999 2599 1107 2654 Abbati
1140 2598 1198 2653 loci
1227 2595 1378 2669 predicti,

326 2684 346 2709 ‘⁶
365 2700 459 2753 nsque
476 2682 515 2737 sd
529 2682 641 2737 dietum
654 2699 763 2736 annum
780 2681 902 2736 tertium
919 2682 1051 2753 plenarie
1069 2682 1230 2746 satisfecit,
1247 2688 1279 2736 et
1296 2681 1381 2752 quod

326 2769 346 2792 ‘⁶
365 2765 473 2819 abillo
490 2776 622 2836 tempore
643 2764 797 2835 hueusque
814 2765 956 2836 predicta
976 2765 1109 2822 redditus
1127 2773 1158 2821 et
1183 2766 1307 2820 servitia
1328 2784 1380 2837 pe-

326 2851 345 2877 “
365 2849 446 2903 nitus
471 2847 700 2913 subtrabnntnr;
726 2847 862 2919 quodque
885 2850 985 2905 nullus
1001 2849 1150 2905 Abbatum
1167 2848 1380 2921 praedictorum

326 2935 345 2960 “
365 2932 464 3003 aliquo
491 2940 622 3003 tempore
649 2931 762 3003 aliquid
788 2932 821 2987 in
847 2935 1144 3004 recompensationem
1168 2932 1379 3004 praedictorum

326 3016 479 3072 “servitii
506 3023 537 3069 et
560 3015 694 3070 redditus
721 3034 739 3070 a
764 3015 859 3080 nobis,
886 3034 939 3072 seu
964 3017 1001 3071 ab
1026 3016 1125 3088 aliquo
1146 3017 1213 3079 alio,
1233 3018 1380 3071 haetenus

326 3103 345 3128 “
365 3100 496 3170 recepit3
526 3117 580 3153 nec
605 3117 707 3154 eorum
738 3098 847 3170 aliquis
872 3100 962 3154 alicui
990 3101 1197 3171 praedictorum
1223 3100 1379 3162 Willelmi,

326 3186 345 3211 “
365 3182 526 3254 denlphi,
547 3189 578 3237 et
596 3182 747 3255 Stephani,
762 3200 815 3236 sen
833 3183 917 3246 aviae,
937 3185 994 3247 avi,
1014 3195 1065 3239 ant
1087 3185 1180 3254 petris
1197 3192 1378 3241 nostrornm.

325 3269 345 3292 ⁴⁴
365 3266 413 3321 vel
432 3266 522 3321 alicui
539 3265 601 3330 alii,
621 3266 721 3336 aliquo
746 3271 877 3336 tempore
896 3267 1049 3321 servitium
1068 3273 1120 3321 aut
1136 3266 1285 3322 redditum
1303 3286 1381 3340 prie-

326 3352 345 3375 “
364 3349 476 3404 dictum
497 3350 622 3412 remisit,
642 3349 690 3404 vel
712 3349 846 3419 quietum
866 3349 1004 3404 clamavit
1012 3349 1120 3404 :—Nos
1145 3348 1277 3405 volentes
1302 3369 1381 3422 prae·

327 3435 346 3458 “
365 3431 425 3486 fato
442 3450 520 3487 nuno
537 3432 647 3487 Abbati
665 3433 696 3487 in
715 3431 770 3486 bae
793 3439 877 3502 parte
902 3434 966 3487 fieri
984 3433 1062 3505 quod
1079 3442 1125 3489 est
1146 3435 1272 3505 justum,
1291 3436 1381 3490 vobis

327 3518 346 3540 “
365 3515 538 3570 mandamus
557 3515 636 3586 quod
654 3515 751 3570 eidem
763 3514 872 3570 Abbati
890 3516 1001 3572 dictum
1016 3517 1164 3572 redditum
1182 3518 1289 3588 viginti
1310 3520 1383 3574 soli-

326 3596 469 3651 “dorum
498 3597 536 3651 de
565 3598 733 3652 molendino
762 3598 913 3669 praedicto,
943 3601 1021 3671 quod
1051 3599 1089 3655 ad
1118 3602 1277 3656 terminum
1308 3602 1381 3659 vitm

325 3682 344 3706 “
364 3687 471 3735 vestrm
488 3681 594 3735 tenetis
612 3699 648 3735 ex
665 3682 851 3736 concessione
869 3690 978 3747 nostra,
990 3684 1148 3748 annuatim,
1162 3684 1305 3755 quamdiu
1318 3704 1382 3740 mo·

326 3767 346 3790 ‘⁶
365 3763 518 3818 leudinum
536 3763 612 3818 illud
628 3765 659 3819 in
677 3782 765 3819 manu
777 3771 878 3820 vestra
895 3768 1054 3838 eontigerit
1071 3785 1232 3834 remanere,
1246 3767 1335 3834 solvi,
1350 3778 1382 3824 et

326 3850 345 3874 “
364 3847 482 3912 habere,
502 3847 627 3903 faciatis.
664 3849 751 3903 'Peste
768 3849 891 3920 meipso,
913 3850 991 3921 apud
1010 3851 1215 3922 Rokyngham,
1235 3853 1382 3907 vicesimo

327 3934 346 3958 “
365 3930 493 3986 secundo
511 3930 558 3985 die
577 3931 687 3992 Martii,
706 3949 781 3986 anno
799 3935 884 4004 regni
906 3935 999 3989 nostri
1018 3934 1167 3990 ¹octavo.’'

360 4015 418 4070 Per
436 4014 611 4069 Petitionem
629 4014 665 4069 de
683 4014 889 4082 Parliamento‚
910 4024 940 4073 et
957 4019 1046 4073 breve
1064 4018 1100 4072 de
1121 4019 1241 4074 Privato
1260 4018 1381 4090 sigillo.

369 4121 467 4187 Istud
490 4122 591 4186 breve
613 4121 811 4187 irrotulatur
832 4125 921 4190 inter
938 4125 1058 4191 Clausa
1080 4124 1121 4190 de
1143 4148 1229 4190 anno
1248 4133 1380 4205 octavo,

324 4224 445 4289 mensis
467 4223 491 4288 J
492 4222 563 4287 ulii.

322 4371 434 4381 0——

361 4478 561 4527 ¹1t“oeum”
588 4478 648 4528 here
676 4478 697 4527 is
726 4489 829 4543 correct,
874 4483 939 4531 dead
949 4485 1350 4539 mustbennerrorsor“nono.''

328 4556 457 4606 “octavo'’
480 4557 507 4606 iu
525 4557 568 4607 tbe
590 4558 646 4606 date
665 4558 696 4606 of
708 4558 752 4608 the
769 4569 828 4608 next
852 4604 856 4611 .
