3038 5452
328 693 393 754 381
705 701 810 754 unsre
833 705 997 754 sarsum

171 912 293 974 'rhomes
328 893 477 957 Fuerunt
500 899 573 979 post
595 916 668 957 eum
692 896 727 957 in
751 896 907 959 electione
930 893 1087 980 praecipui
1118 893 1190 969 viri,
1215 893 1379 971 timorati,

189 981 276 1095 Am
328 1001 361 1058 et
383 996 535 1082 religiosi,
552 997 715 1062 Henricus
738 998 778 1062 de
803 996 929 1072 Stukle,
946 997 1039 1061 Prior
1062 997 1103 1062 de
1118 995 1380 1081 Wymundham‚

203 1083 283 1162 A.D.'
326 1096 496 1163 Johannes
519 1101 559 1164 de
583 1099 786 1177 Caldcwclle,
811 1100 905 1165 Prior
928 1099 969 1165 de
1000 1098 1162 1185 Bynham,
1189 1099 1378 1165 Willelmus

174 1184 296 1285 ΜΨ·
326 1202 366 1266 dc
389 1202 535 1280 Belvero,
560 1202 654 1268 Prior
677 1203 821 1288 ejusdem
842 1203 913 1282 loci,
938 1201 1048 1267 Adam
1077 1202 1119 1267 de
1144 1201 1378 1288 watenham,

326 1304 492 1370 Walterus
516 1306 674 1392 Oauvyle,
691 1311 725 1371 et
747 1307 863 1372 caeteri.
914 1304 1064 1391 Cumque
1087 1306 1319 1371 convenissent
1335 1304 1377 1370 ad
1432 1326 1435 1331 ·

326 1407 513 1492 eligendum
535 1407 572 1472 in
596 1408 730 1494 Capella
751 1409 894 1474 Abbatis
927 1409 996 1495 ipse
1030 1407 1172 1473 Thomas
1197 1414 1232 1473 et
1257 1407 1378 1485 6661611.

159 1517 248 1584 fleury
326 1509 483 1575 habentes
507 1509 636 1575 oculum
651 1512 693 1575 ad
716 1513 886 1577 scientiam
902 1516 1002 1597 atque
1017 1511 1156 1598 gradum
1180 1509 1320 1576 Henrici
1335 1509 1377 1575 dc

158 1583 296 1702 {effi}
328 1612 454 1690 Stulrle,
477 1635 604 1678 necnon
635 1615 676 1677 ad
707 1637 813 1680 mores
839 1621 873 1679 et
896 1614 1086 1699 religionem
1110 1612 1185 1689 viri,
1203 1613 1377 1697 jussenmt

158 1718 297 1833 gimund'
326 1720 364 1779 ut
388 1715 551 1780 secederet
575 1717 653 1780 dum
679 1721 860 1781 tractarent
883 1717 923 1781 de
938 1737 1076 1802 persona
1090 1737 1157 1780 sua
1206 1715 1274 1795 Qui
1289 1736 1375 1792 mox,

157 1800 250 1902 refil'sa
264 1860 290 1903 ω
326 1840 414 1882 more
439 1817 571 1883 ¹Sancti
596 1819 707 1898 Marci,
725 1840 878 1905 respuens
894 1825 1026 1883 tantum
1053 1819 1200 1904 gradum,
1217 1817 1376 1884 clamarit

157 1917 216 2032 lake
228 1935 296 2035 1150ss
324 1922 359 1985 in
382 1921 556 2007 propatulo
586 1944 621 1986 se
653 1944 721 1986 esse
751 1922 940 2001 inhabilem,
965 1927 1098 2007 propter
1124 1926 1231 1985 certas
1263 1941 1374 1986 musas

157 1999 282 2104 iffi„
324 2046 404 2109 quus
428 2023 571 2088 finxerat
593 2045 633 2088 ea
656 2024 733 2089 vice.
779 2024 939 2089 Videntes
966 2023 1036 2107 ejus
1072 2023 1373 2108 importunitatem,

156 2116 287 2170 orasset.
324 2126 597 2211 compromissarii
623 2126 726 2191 serius
751 2128 929 2192 tractaturi
960 2131 1195 2206 convenerunt,
1224 2130 1261 2192 et
1288 2125 1375 2191 Tho·

326 2251 411 2293 mam
425 2229 572 2293 secedere
587 2229 824 2314 compulerunt.
864 2229 970 2308 Quem
986 2228 1191 2293 unanimiter
1206 2228 1372 2315 eligentes,

324 2354 433 2396 secum
468 2332 636 2396 duxerunt
668 2331 711 2394 ad
746 2331 946 2417 Capitulum,
975 2335 1010 2396 et
1044 2330 1251 2410 electionem,
1275 2351 1370 2416 quam

157 2449 277 2511 Thomas,
324 2435 476 2513 fecerant,
500 2433 765 2520 propalaverunt.
813 2433 956 2499 Thomas
978 2435 1091 2519 igitur,
1124 2432 1203 2498 licet
1237 2432 1370 2510 invitus,

155 2517 271 2636 {mg-T
325 2559 397 2602 cum
422 2535 692 2622 laudis211ymn0
716 2538 835 2601 duetus
858 2542 908 2601 est
931 2538 968 2603 in
991 2535 1159 2602 ecclesiam
1171 2560 1180 2617 ;
1210 2534 1271 2601 ubi
1302 2535 1370 2621 qui·

155 2600 250 2714 mibi,
263 2653 284 2702 is
325 2640 400 2702 dam
425 2639 463 2702 de
486 2638 644 2703 fratribus
666 2639 821 2703 recitavit
845 2639 1038 2704 electionem
1061 2640 1102 2703 de
1125 2662 1163 2704 eo
1184 2638 1369 2704 coneordite

155 2719 293 2837 {mm
325 2748 358 2807 et
373 2741 526 2805 canonice
542 2741 745 2805 celebratam.
793 2741 923 2806 Exhinc
946 2742 1062 2807 ductus
1085 2747 1137 2805 est
1158 2742 1196 2805 in
1210 2762 1368 2807 cameram

155 2853 242 2903 Abbot
253 2853 282 2902 of
325 2845 453 2920 Prioris,
469 2842 766 2929 perhendinaturus
781 2843 913 2923 ibidem,
930 2850 1030 2931 prout
1045 2844 1153 2931 exigit
1168 2844 1368 2911 consuetudo

157 2919 310 2970 saianans.
325 2947 528 3025 Monastcrii,
552 2946 655 3010 donec
677 2951 810 3032 paratus
833 2952 919 3011 esset
949 2947 991 3010 ad
1021 2946 1211 3011 adeundum
1236 2946 1367 3012 Curiam

324 3074 382 3138 pro
399 3050 646 3115 confirmatione
662 3072 729 3114 sure
745 3049 922 3130 electionis,
940 3057 974 3114 et
988 3049 1229 3126 benedictione,
1244 3050 1367 3136 pariter

324 3154 511 3219 obtinenda.

324 3371 374 3435 De
392 3369 595 3455 projectione
631 3366 776 3452 ejusdem
808 3385 922 3429 'uermes
947 3361 1092 3428 Cierium
1114 3361 1369 3435 meauuaet

358 3472 396 3536 de
419 3471 609 3555 966116ορ66
632 3467 857 3547 intermediis,
881 3487 987 3552 usque
1010 3463 1180 3529 ³rcdituut
1195 3462 1347 3548 ejreadene

159 3638 270 3687 William
281 3639 312 3688 de
368 3632 494 3696 Aderat
516 3636 647 3716 tempus
671 3650 736 3715 quo
760 3627 900 3692 Thomas
923 3626 1054 3704 electus
1079 3623 1204 3710 paratis
1226 3621 1292 3687 viae
1315 3640 1369 3684 ne-

156 3707 288 3822 ffimssffi'o
324 3734 478 3812 cessariis,
506 3755 619 3798 versus
651 3732 785 3797 Curiam
817 3729 934 3794 debuit
963 3726 1144 3814 proficisci3
1179 3725 1232 3790 cui
1260 3721 1370 3810 juncti

156 3809 267 3889 ΒΜ*
324 3843 403 3903 sunt
426 3839 490 3902 duo
514 3836 554 3900 de
578 3834 803 3907 confratribus,
819 3831 884 3895 viri
907 3830 1049 3915 religiosi
1072 3833 1106 3892 et
1128 3823 1377 3919 litteratissimi,

154 3922 294 4023 pppfflt
323 3942 380 4026 qui
404 3961 479 4005 eum
494 3941 768 4025 prosequerentur
792 3934 834 3997 ad
851 3932 995 4010 Curiam,
1014 3931 1131 3994 Frater
1148 3928 1315 3992 Henricus
1331 3925 1370 3990 de

155 4039 256 4091 electa
323 4043 454 4121 Stulde,
487 4046 521 4107 et
554 4041 671 4105 Frater
703 4036 890 4101 Willelmus
923 4034 963 4097 de
1002 4031 1242 4117 Dersyngham.
1304 4025 1370 4093 Sed

155 4105 310 4234 tchpup’tapdalles
322 4147 506 4213 Willelmus
530 4144 569 4207 de
593 4141 820 4226 Dersingham,
837 4160 910 4202 cum
926 4135 1130 4223 pervenisset
1146 4130 1372 4212 Cantuariam,

154 4239 297 4291 “cm
321 4256 428 4316 tactus
451 4247 544 4313 letali
567 4251 668 4332 peste,
691 4241 885 4308 mortalibus
907 4237 1069 4317 valefecit,
1086 4236 1197 4323 ibique
1221 4233 1370 4323 sepultus

155 4306 288 4423 iiulir'riiiil
321 4358 380 4420 est.
425 4351 601 4417 Saeculares
624 4348 725 4413 secuti
749 4350 828 4410 sunt
850 4365 934 4420 eum,
956 4340 1140 4407 Willelmus
1164 4337 1313 4415 Pursere,
1330 4332 1370 4400 de

154 4437 232 4489 there.
381 4509 396 4512 Δ.

450 4506 506 4512 -,...
517 4500 801 4511 ——-·--—--...--.
814 4496 1047 4504 --..-...--....-

356 4588 406 4636 ¹In
417 4586 521 4637 allusion
538 4594 565 4636 to
582 4586 642 4634 Acts
662 4581 716 4631 xiii.
732 4587 770 4641 13,
782 4597 824 4630 xv.
893 4580 903 4607 ‘·'
913 4594 1001 4640 Ιιριιρηο
1013 4577 1039 4625 16
1051 4577 1109 4626 MS.

322 4673 362 4718 38.
891 4655 902 4685 ³
913 4655 1029 4705 redditum
1040 4655 1067 4704 iu
1079 4655 1137 4705 MS.
