3038 5452
425 691 634 742 nouasrunu
657 693 778 746 senen
800 695 937 748 annm.
1147 687 1212 751 889

165 873 208 940 de
224 875 449 964 Walingforde
472 877 483 914 ¹
741 904 750 959 ;
773 881 814 946 de
836 880 948 946 Priore
970 882 1011 947 de
1034 882 1213 948 Hertforde
1240 890 1359 953 Thomas,

165 975 177 1014 ¹
414 1005 423 1060 3
445 979 486 1046 de
502 980 615 1047 Priore
637 984 679 1048 de
701 981 840 1049 Hatfeld
863 981 873 1020 ¹
1140 1009 1148 1064 3
1172 985 1213 1049 de
1254 958 1349 1079 ffit

163 1078 276 1145 Priore
298 1080 340 1147 de
362 1081 454 1147 Bello
477 1083 562 1148 Loco
586 1081 595 1118 ¹
835 1135 842 1151 .
887 1084 938 1150 De
960 1106 1019 1150 suo
1042 1085 1211 1166 dominico,
1269 1089 1336 1141 nl).

162 1179 259 1247 liberi
281 1187 433 1250 tenentes
454 1190 489 1250 et
509 1185 619 1250 nativi
641 1186 705 1252 sibi
727 1187 896 1263 dederunt,
931 1194 1030 1274 prout
1052 1210 1121 1254 mos
1144 1192 1212 1255 exi.
1243 1160 1364 1208 ¹³⁴⁹·95·

161 1285 215 1370 git
248 1284 284 1349 in
312 1284 537 1352 installatione
567 1288 709 1354 Abbatis
739 1287 923 1373 cujuslibet,
952 1312 1020 1356 non
1049 1293 1212 1359 excessivo
1225 1300 1357 1354 Modone

161 1387 282 1463 taxati,
317 1388 373 1453 sed
397 1387 452 1474 pie
482 1389 624 1467 tolerati,
652 1412 720 1456 non
742 1391 883 1477 amplius
920 1414 1017 1478 quam
1049 1393 1210 1480 quinqua-
1224 1383 1329 1485 ἓξὲξ

160 1489 258 1576 ginta
279 1512 412 1556 marcas.
1221 1501 1286 1551 from
1296 1501 1336 1552 his

1222 1583 1278 1617 own
1289 1568 1352 1620 hee·

1222 1633 1322 1685 holdars
1328 1637 1378 1687 and

1222 1700 1352 1753 bondmeu.

158 1781 212 1847 Dc
233 1781 371 1849 'redita
392 1782 486 1850 electi
507 1784 548 1849 dc
571 1782 681 1849 Ousia
703 1784 874 1862 coeam,
895 1793 925 1851 ct
946 1784 1101 1873 coempto
1124 1787 1210 1872 aaa·

556 1884 697 1971 Aspidos
713 1884 815 1970 facto.

1267 1251 1335 1265 —

207 2027 385 2113 P⁰⁸tq¹¹³¹¹¹
420 2028 536 2093 divina
572 2028 763 2114 digssssliffle
801 2029 977 2094 restitutus
1013 2028 1131 2095 inissa
1158 2031 1208 2095 illi
1220 2043 1309 2093 aanor

159 2130 320 2214 potentiae
345 2152 410 2216 qua
439 2135 548 2216 posset
576 2131 731 2216 equitare,
762 2131 946 2196 maturavit
974 2131 1129 2210 reditum,
1168 2109 1328 2197 utTh⁰¹¹¹³⁸

1220 2184 1319 2226 returns

159 2252 236 2296 suos
266 2232 495 2309 consolaretur,
532 2232 590 2317 qui
619 2253 640 2295 a
669 2231 784 2296 multis
821 2231 998 2297 audierant
1027 2233 1117 2319 quod
1146 2257 1206 2321 pro
1219 2241 1303 2305 home,
1314 2243 1352 2294 his

158 2338 248 2398 certo
272 2341 420 2399 mortuus
441 2333 558 2413 fuerat,
586 2339 621 2399 et
645 2333 800 2420 sepultus.
847 2333 926 2399 Post
952 2335 1077 2399 multas
1102 2335 1208 2422 igitur
1220 2308 1364 2439 {ztffl'

156 2435 336 2502 laboriosas
360 2436 475 2514 dietas,
508 2435 661 2522 pervenit
683 2436 726 2500 ad
758 2436 910 2522 patriam,
940 2440 975 2501 et
1001 2435 1140 2502 divertit
1165 2439 1208 2504 ad
1222 2441 1364 2509 previously

158 2540 344 2604 manerium
381 2561 477 2604 suum
516 2539 556 2604 de
590 2537 841 2626 Tydenhangre,
872 2539 975 2604 donec
1004 2537 1206 2606 refocillatus
1219 2511 1341 2573 “pm

158 2647 290 2728 tempus
311 2647 458 2707 comeret
488 2662 553 2726 quo
576 2641 777 2706 Monastsrio
807 2641 1020 2727 praesentiam
1042 2662 1135 2707 suam
1157 2644 1207 2707 in·

158 2741 284 2806 ferreta

158 2843 304 2920 veniens,
344 2849 379 2909 ct
417 2864 491 2907 cum
529 2843 733 2928 processione
769 2843 907 2908 solemni
948 2848 1116 2930 susceptus
1147 2849 1206 2912 est.
1220 2860 1308 2911 Onhis

159 2945 465 3030 Demonstratisque
503 2948 537 3009 et
576 2943 669 3009 lectis
702 2943 808 3008 Bullis
842 2943 918 3020 suis,
958 2926 1372 3071 Obedientiariifflfflffi
1480 2948 1481 2953 ¹

158 3053 258 3135 prout
280 3048 380 3113 moris
395 3053 453 3124 est,
470 3052 650 3134 posuerunt
664 3046 772 3111 claves
794 3045 1057 3111 obedientiarum
1071 3069 1206 3113 suarum
1218 3058 1363 3136 theopen-

156 3150 200 3214 ad
215 3150 315 3237 pedes
336 3149 426 3234 ejus3
449 3150 506 3214 sed
528 3147 591 3226 ille,
614 3170 673 3235 pro
688 3147 869 3213 tuncnihil
884 3148 1043 3213 innovare
1058 3148 1112 3214 vel
1133 3171 1205 3215 mu·
1218 3132 1373 3255 ffiffieir

158 3259 228 3317 tare
252 3253 437 3328 decernens,
456 3251 559 3336 jussit
581 3256 620 3316 ut
642 3249 765 3337 singuli
791 3250 973 3335 reciperent
996 3250 1101 3316 claves
1123 3274 1205 3318 suaa
1218 3256 1289 3334 lexa

158 3354 295 3421 Peracto
319 3353 481 3441 Capitulo,
503 3352 645 3440 suscepit
671 3374 783 3417 omnes
804 3352 840 3415 in
867 3350 976 3417 osculo
998 3351 1036 3415 in
1061 3353 1206 3438 ejusdem
1217 3322 1352 3441 ἓξὲξ

156 3456 271 3521 domus
294 3456 387 3533 ostio,
410 3460 450 3520 ut
472 3459 522 3520 est
551 3453 780 3541 antiquissima
802 3452 1009 3530 consuetudo,
1032 3458 1067 3519 et
1096 3455 1143 3521 sic
1171 3457 1330 3520 intothem·

156 3580 318 3624 (cameram
346 3557 478 3623 secessit
511 3556 664 3621 Abbatis.
712 3556 789 3619 Non
823 3555 929 3620 multo
968 3560 1044 3642 post
1082 3555 1205 3645 Regem
1217 3563 1328 3614 necea

155 3660 248 3737 adiit,
283 3659 335 3725 cui
371 3659 561 3746 homagium
594 3657 692 3723 modo
730 3662 886 3723 consueto
917 3657 1005 3737 fecit,
1027 3664 1062 3724 et
1092 3660 1134 3726 ab
1166 3629 1360 3756 eolffifflf'

156 3762 351 3849 temporalia
384 3782 444 3826 sua
474 3760 571 3848 cepit.
620 3760 694 3825 Rex
725 3763 838 3824 autem
870 3757 1064 3837 Edwardus‚
1098 3761 1206 3827 dictus
1218 3761 1333 3838 anun-⁸

154 3873 172 3900 “
188 3864 228 3929 de
244 3861 513 3948 Wyndeshores,’'
528 3862 735 3927 considerans
753 3882 899 3947 personae
916 3860 985 3946 ejus
999 3862 1205 3949 elegantiam,
1218 3826 1348 3957 mg?

155 3965 270 4031 vultus
298 3964 503 4052 dignitatem,
535 3969 648 4049 gestus
669 3963 831 4040 facetiam,
864 3962 1040 4028 verborum
1071 3965 1207 4029 comita·
1217 3958 1322 4076 2222OE

155 4072 232 4141 tem,
255 4066 293 4130 in
314 4086 458 4130 amorem
487 4065 632 4130 allicitur
653 4064 719 4128 viri
749 4063 855 4129 tantis
887 4063 1021 4129 dotibus
1049 4065 1202 4130 decorati.
1216 4091 1336 4142 shownto

156 4167 221 4233 Oui
250 4172 367 4255 expost
395 4169 432 4233 in
461 4168 551 4232 omni
580 4167 653 4232 vita
683 4187 744 4231 sua
779 4165 935 4232 honorem
973 4164 1132 4242 exhibuit,
1168 4156 1342 4288 etffibffid·

1216 4290 1292 4351 ward,
1303 4291 1343 4340 for

187 4424 194 4453 ¹
207 4420 264 4472 The
274 4436 330 4472 snm
346 4420 484 4471 isomiaed
496 4420 523 4472 iu
534 4420 603 4472 these
613 4420 652 4471 iu·
730 4417 817 4468 ³This
834 4417 918 4468 hiatus
933 4432 1022 4469 occurs
1040 4419 1069 4469 in
1085 4419 1129 4472 the
1146 4421 1202 4472 MS.

153 4499 477 4557 sunoesmithanhiatus.
699 4497 755 4549 The
765 4499 875 4564 opening
893 4499 974 4550 words
984 4500 1016 4549 of
1028 4499 1070 4551 the
1085 4508 1203 4553 mance

186 4577 341 4630 ²reddiain
352 4578 408 4630 MS.
700 4579 763 4630 have
778 4579 842 4629 been
853 4576 965 4630 omitted.
