3038 5452
339 1003 388 1069 Dc
402 1001 584 1090 afflictione
598 1001 740 1069 Ablata
754 1001 933 1068 camerati
944 1007 1084 1089 propter
1101 998 1387 1067 Omwttiutlomm

426 1105 571 1171 Domini
600 1106 707 1191 Pcpcc
736 1104 922 1191 Bonosocic',
958 1104 1002 1170 dn
1041 1103 1254 1190 deroyota'onc
1282 1102 1387 1189 aaa

426 1206 566 1293 Aopbica
588 1207 725 1273 editam.

177 1405 318 1468 comm,
381 1400 474 1465 Licet
498 1399 693 1465 Bonefacius
715 1400 815 1485 Papa,
832 1399 987 1476 Octavus,
1004 1398 1177 1464 statuisset
1200 1399 1290 1484 quod
1311 1398 1385 1485 qui-

203 1474 299 1602 ,ffip
338 1524 465 1588 cunque
489 1503 626 1590 praelati,
656 1501 946 1587 ecclesiasticaeque
969 1522 1126 1587 personas,
1147 1501 1309 1587 religiosae
1330 1501 1388 1567 vel

211 1606 282 1659 AD·
338 1604 517 1682 saeculares,
539 1625 808 1689 quorumcunque
831 1603 993 1681 ordinum,
1010 1602 1217 1680 conditionis,
1239 1624 1298 1668 seu
1320 1606 1386 1668 sta·

172 1678 325 1783 msffiffm'
338 1712 441 1787 tuum,
467 1706 619 1772 collectas
645 1707 700 1772 vel
724 1706 861 1782 talliam,
887 1706 1054 1783 decimam,
1082 1704 1280 1784 vicesimam,
1313 1728 1389 1772 cen-

172 1806 297 1885 0,0²¹⁸fi¹¹¹·
337 1810 496 1888 tesimam,
518 1830 651 1875 suorum
674 1818 708 1874 et
730 1808 936 1873 ecclesiarum
960 1812 1181 1894 proventuum
1207 1807 1262 1873 vel
1284 1808 1388 1874 bono-

169 1875 418 2004 diffiniam,
433 1913 523 1977 laicis
546 1912 706 1977 solverint
728 1912 782 1976 vel
803 1912 1024 1998 promiserint,
1038 1916 1099 1976 aut
1120 1912 1271 1997 quamvis
1285 1911 1387 1977 aliem

168 2007 323 2138 wa
336 2017 557 2101 quantitatem
588 2019 648 2079 aut
672 2014 866 2101 portionem,
890 2020 951 2079 aut
977 2018 1112 2100 quotam
1138 2014 1284 2100 ipsorum
1311 2035 1388 2100 pro-

168 2139 232 2190 from
242 2090 306 2190 &⁸¹
335 2123 495 2183 ventuum
511 2118 564 2181 vel
585 2117 755 2193 bonorum,
779 2117 1010 2182 aestimationis
1024 2116 1079 2181 vel
1094 2116 1216 2181 valoris
1230 2118 1389 2202 ipsorum,

169 2207 313 2322 mx?
335 2221 396 2285 sub
432 2219 599 2305 adjutorii,
633 2219 869 2297 subventionis,
895 2219 950 2284 vel
976 2219 1063 2295 doni,
1088 2220 1142 2284 vel
1173 2220 1290 2304 quovis
1320 2219 1387 2286 alio

168 2338 213 2389 ties
224 2347 250 2388 to
262 2340 305 2404 lay
335 2321 440 2400 modo,
464 2321 606 2399 nomine,
622 2323 729 2400 titulo,
754 2326 813 2387 aut
843 2323 981 2408 quaesito
1016 2321 1129 2401 colore,
1156 2323 1279 2408 absque
1309 2344 1387 2388 auc-

168 2421 293 2522 llffi’.
335 2426 470 2489 toritate
494 2424 589 2489 Sedis
612 2424 776 2509 ejusdem-3
799 2446 926 2489 necnon
948 2424 1170 2511 imperatores,
1195 2445 1297 2511 reges,
1327 2446 1387 2491 seu

168 2488 312 2618 cordi?
336 2527 505 2614 principes,
531 2526 637 2603 duces,
664 2527 804 2604 comites,
821 2528 874 2591 vel
900 2526 1047 2604 barones,
1069 2527 1125 2592 vel
1145 2528 1246 2592 etiam
1275 2531 1386 2614 potes·

166 2612 326 2658 mumcscon.
337 2634 432 2708 tates,
448 2630 619 2714 capitanei,
636 2629 794 2707 officiales,
811 2628 864 2693 vel
878 2634 1027 2707 rectores,
1045 2651 1240 2715 quocunque
1250 2630 1386 2695 nomine

334 2737 537 2808 censeantur,
578 2731 760 2810 civitatum,
795 2736 983 2808 castrorum,
1023 2754 1080 2797 seu
1116 2753 1386 2818 quorumcunque

333 2837 478 2901 locorum
504 2833 650 2910 urbibus,
675 2838 709 2898 et
735 2833 844 2919 quivis
865 2834 959 2913 alius,
988 2833 1209 2920 cujuscunque
1235 2836 1385 2922 praaemi-

334 2939 464 3015 nentiae,
491 2935 697 3012 conditionis,
722 2941 756 3001 et
782 2941 897 3015 status,
924 2937 982 3022 qui
1004 2937 1086 3001 talia
1108 2938 1327 3024 imposuerint
1349 2943 1386 3003 et

335 3042 508 3117 erexerint,
535 3039 589 3104 vel
612 3039 768 3126 ceperint,
791 3045 851 3105 aut
877 3039 967 3126 apud
990 3041 1075 3105 cedes
1098 3061 1204 3105 sacras
1227 3040 1384 3126 deposita,

335 3150 394 3209 aut
417 3143 624 3209 ecclesiarum
639 3143 692 3208 vel
707 3142 996 3209 eeclesiasticamm
1018 3164 1239 3228 personarum,
1261 3147 1386 3210 aresta

211 3317 216 3325 ,
334 3247 452 3322 verint,
472 3246 665 3322 saisiverint,
688 3268 745 3311 seu
772 3267 928 3331 occupare
950 3246 1226 3331 praesumpserint,
1248 3251 1307 3312 aut
1334 3268 1386 3312 oc-

334 3352 461 3433 cupata
488 3348 608 3423 saisita,
624 3369 681 3411 seu
708 3352 861 3425 arestata,
877 3348 1061 3433 receperint
1073 3374 1082 3426 3
1118 3369 1245 3414 necnon
1271 3370 1385 3416 omnes

335 3449 393 3535 qui
415 3448 556 3513 scienter
581 3450 617 3511 in
641 3447 808 3534 praedictis
836 3448 989 3515 dederint
1014 3451 1185 3529 auxilium,
1200 3452 1382 3534 consilium,

335 3549 390 3615 vel
403 3550 557 3625 favorem,
572 3548 700 3635 publice
723 3548 777 3613 vel
799 3550 931 3630 occulte,
947 3574 985 3616 eo
1007 3553 1078 3638 ipso
1102 3554 1302 3621 sententiam
1329 3577 1385 3621 ex·

334 3650 637 3718 communicationis
663 3651 841 3717 incurrant.
888 3653 1132 3720 Universitates
1158 3678 1297 3742 quoque,
1326 3659 1385 3744 qui

334 3755 371 3818 in
396 3753 448 3817 his
478 3752 657 3838 culpabiles
682 3751 813 3832 fuerint,
840 3755 1055 3821 ecclesiastico
1085 3759 1257 3843 supposuit
1280 3759 1385 3826 inter·

334 3857 432 3933 dicto,
457 3854 604 3942 praelatis
629 3859 663 3919 et
689 3855 835 3940 personis
865 3857 1088 3924 ecclesiasticis
1112 3860 1319 3946 supradictis,
1348 3864 1385 3928 in

334 3957 460 4022 virtute
484 3956 689 4034 obedientiae,
714 3963 748 4021 et
778 3959 839 4023 sub
863 3982 962 4045 poena
988 3961 1210 4046 depositionis,
1236 3963 1386 4031 districte

336 4058 531 4136 mandando,
561 4063 600 4122 ut
637 4058 759 4124 talibus
790 4060 911 4146 absque
941 4084 1095 4147 expressa
1124 4064 1257 4130 licentia
1287 4067 1385 4134 dictae

337 4161 429 4227 Sedis
451 4161 642 4225 nullatenus
664 4161 883 4246 adquiescant.

170 4281 212 4332 On
222 4281 310 4358 break-
381 4264 466 4330 Oum
490 4264 596 4351 igitur
618 4270 818 4330 memoratus
841 4265 954 4331 Abbas
978 4267 1076 4333 istam
1103 4269 1386 4338 Constitutionem

169 4348 294 4466 ἓξὲξ,
336 4365 445 4431 minus
472 4368 684 4443 observasset,
707 4367 799 4432 velut
824 4371 1034 4455 quamplures
1056 4373 1092 4436 in
1107 4373 1239 4460 cinglio,
1256 4396 1277 4436 a
1302 4375 1384 4442 cele-

168 4481 283 4544 tion,the
334 4468 486 4533 bratione
516 4470 714 4549 divinorum,
745 4470 809 4533 nisi
846 4477 980 4556 propter
1015 4475 1225 4558 praesentiam
1248 4476 1382 4543 Domini

170 4547 258 4598 ΑΜ
338 4570 437 4655 Regis
452 4571 597 4657 Anglise,
620 4571 725 4636 multo
747 4577 893 4659 tempore
916 4576 1063 4640 cessavit.
1109 4577 1271 4666 Dominus
1292 4580 1382 4646 enim
