3038 5452
450 717 663 768 uounsruau
686 716 809 769 sauorr
831 716 967 768 amiur.
1183 701 1227 771 87

175 905 311 987 Albani,
326 915 361 974 et
377 907 476 974 Oellae
491 907 795 994 de·Wymundham
815 909 990 996 praedictae,
1007 906 1224 971 Thesaurario
1248 913 1316 964 John
1325 914 1381 976 Ne

174 1007 313 1073 Domini
338 1009 445 1096 Regis,
468 1016 502 1075 a
525 1010 725 1076 cariturus
748 1011 789 1076 <a
811 1011 931 1087 santo,
955 1017 989 1076 a
1011 1010 1086 1075 aliis
1109 1009 1224 1075 musis
1268 982 1362 1110 332,

173 1110 216 1176 de
240 1111 387 1178 Consilio
402 1112 539 1178 Domini
554 1113 663 1200 Regis,
679 1113 767 1200 apud
783 1113 966 1180 Eboracum
993 1112 1221 1193 existentibus,
1278 1116 1347 1166 AJ>-

174 1213 211 1277 in
234 1214 365 1300 publico
387 1216 593 1283 monstravit
640 1215 769 1298 Quibus
784 1217 872 1294 visis,
890 1216 1023 1295 auditis,
1048 1217 1223 1302 diligenter
1263 1187 1367 1292 Q&

174 1317 416 1403 disputasset
436 1319 643 1397 examinatis,
660 1324 695 1384 et
717 1320 863 1386 allocatis
886 1319 1038 1386 omnibus
1060 1318 1222 1384 libertati·
1235 1317 1374 1396 Wram-

175 1419 238 1485 bus
260 1421 365 1487 dictas
392 1422 552 1488 Ecclesiae
578 1429 612 1489 et
640 1421 766 1488 (iollam
796 1423 1074 1510 contingentibus,
1099 1384 1379 1516 absqucffiffi

176 1544 451 1610 quorumcunque,
467 1527 538 1590 sive
553 1525 782 1612 cujuscunque,
800 1525 1068 1610 subjectionibus,
1082 1526 1125 1589 ad
1140 1547 1224 1612 prae-
1234 1518 1329 1649 ἓξὲξ
1339 1585 1370 1634 of

176 1628 395 1694 sentationem
418 1629 555 1694 Domini
576 1629 725 1707 abbatis,
751 1629 931 1694 Dominum
963 1626 988 1694 J
989 1628 1151 1695 ohannem
1183 1628 1392 1703 demeum.

178 1730 379 1797 Slavenache
401 1733 438 1797 in
460 1733 605 1799 Priorem
638 1733 734 1798 dictae
765 1733 865 1799 Cellae
896 1733 1122 1812 admiserunt;
1148 1726 1280 1820 pro-‘⁰⁵

178 1832 321 1899 bibendo
345 1834 573 1901 Escaetoribus
596 1857 655 1923 per
683 1835 782 1900 breve
813 1835 948 1901 Domini
972 1836 1079 1922 Regis,
1110 1857 1152 1901 ne
1183 1836 1224 1900 de

180 1935 264 2001 dioto
280 1936 446 2018 Prioratu,
461 1960 519 2003 seu
541 1940 582 2005 de
605 1938 750 2003 exitibus
772 1938 850 2003 inde
872 1938 1148 2026 provenientibus,
1172 1961 1224 2004 ra·

180 2039 266 2107 tione
281 2042 464 2107 vacationis
479 2042 570 2106 nullo
585 2042 683 2107 modo
705 2063 739 2107 se
754 2042 1037 2122 intromitterent3
1060 2048 1094 2107 et
1116 2041 1225 2128 siquid

179 2141 253 2208 inde
275 2143 470 2225 levaverint,
494 2144 577 2210 illud
599 2146 670 2210 sine
693 2145 852 2210 dilatione
875 2151 1104 2212 restaurarent.

182 2356 402 2428 Oonttaaota'o
415 2382 587 2448 processus
602 2367 632 2427 et
653 2359 806 2428 marta
824 2361 980 2448 proxime
994 2359 1223 2448 pretitulato.

215 2512 369 2602 Negotiis
383 2513 494 2601 itaque
509 2514 757 2600 praenominatis
772 2535 829 2600 per
843 2512 1022 2579 sollertiam
1038 2521 1072 2581 et
1087 2515 1225 2603 diligen·
1236 2537 1305 2590 John
1316 2537 1347 2590 d,

180 2616 260 2680 tiam
281 2616 409 2682 Fratris
430 2617 453 2681 J
456 2617 594 2681 ohannis
612 2618 653 2682 de
675 2616 886 2695 Stevenaohe,
911 2617 1094 2683 auxiliante
1118 2617 1225 2704 gratia
1238 2606 1390 2658 stevenaere

180 2717 300 2797 dimna,
330 2724 518 2786 constanter
547 2719 718 2807 expeditis,
748 2720 836 2809 apud
866 2719 1026 2786 Sanctum
1056 2720 1223 2787 Albanum
1236 2681 1391 2802 {effindadda

180 2825 358 2892 festinabat
375 2827 501 2908 redire3
526 2827 584 2912 qui
606 2827 684 2892 illuc
704 2826 888 2906 adveniens,
905 2829 1063 2916 expositis
1078 2827 1223 2892 seriatim
1235 2805 1386 2938 fflffi'

180 2931 320 3017 negotiis
349 2952 409 3017 pro
440 2930 560 3017 quibus
581 2930 674 3011 ierat,
708 2952 775 2995 non
801 2931 908 2995 solum
935 2932 977 2997 ab
1002 2930 1134 2996 Abbate
1156 2949 1269 3008 suo‚0n
1284 2939 1324 2988 his

179 3055 294 3099 verum
317 3034 417 3098 etiam
438 3033 482 3098 ab
505 3033 656 3099 omnibus
678 3033 853 3120 fidedignis
875 3033 1000 3099 ibidem
1023 3021 1342 3099 commoran-mm·

179 3141 276 3218 tibus,
306 3146 405 3227 prout
432 3139 639 3227 negotiorum
674 3140 932 3206 necessariorum
958 3138 1225 3227 1promotori,et

178 3243 213 3308 in
244 3243 367 3311 eisdem
402 3239 575 3310 ²effeetive
608 3243 798 3332 expedienti
828 3242 1024 3330 congruiter,
1054 3246 1225 3329 gratanter

179 3353 327 3434 receptus
354 3351 411 3412 est.

222 3450 302 3515 Post
317 3470 495 3537 paucorum
515 3448 601 3514 inibi
623 3449 750 3516 dicrum
771 3448 1099 3537 perhendinationem
1122 3456 1360 3539 atqueaaerre,

179 3552 330 3632 officium,
366 3552 562 3631 ³Oellererii,
593 3556 633 3617 ut
667 3555 766 3639 prius,
796 3555 1126 3636 administrationem,
1167 3542 1326 3642 perunting
1337 3544 1379 3594 ¹³¹⁶
1426 3550 1429 3553 “

179 3657 400 3722 obedientiam
423 3656 581 3743 regularis
615 3655 834 3723 observantiae
859 3658 902 3722 ab
929 3658 1061 3724 Abbate
1084 3664 1221 3735 coactus
1234 3618 1350 3738 pppppnt-

179 3782 288 3825 curam
311 3759 480 3825 Prioratus
496 3759 536 3825 de
551 3758 799 3845 Wymundham
813 3761 964 3848 recipere,
981 3768 1017 3827 et
1031 3762 1110 3827 illuc
1124 3784 1222 3848 quam
1234 3743 1388 3870 rsffiffcff

179 3863 276 3929 citiam
297 3863 397 3940 adire,
420 3862 637 3929 coartabatur.
685 3864 806 3929 Curam
828 3886 905 3930 vero
932 3866 1133 3932 antedictam
1149 3888 1222 3931 cum
1234 3877 1316 3936 Prior,
1326 3885 1354 3926 to

180 3971 251 4032 toto
274 3966 396 4033 mentis
418 3966 589 4032 conamine
611 3989 668 4053 per
700 3968 821 4034 multos
845 3968 913 4034 dics
937 3970 1049 4036 renuit
1071 3969 1221 4055 accipere.
1234 3945 1373 4063 ἔξω·

180 4069 338 4156 Denique,
358 4069 460 4154 juxta
490 4069 669 4149 Benedid'u
697 4071 786 4136 beati
807 4073 911 4160 patris
938 4074 1051 4152 nostri,
1075 4071 1222 4138 admoni-

180 4172 312 4251 tionem,
334 4173 459 4259 proprii
479 4173 531 4237 sui
557 4172 662 4237 cordis
688 4174 896 4241 voluntatem
920 4177 1063 4261 reliquit,
1086 4181 1120 4241 et
1141 4197 1223 4262 prae·

180 4276 261 4342 dicti
276 4275 445 4342 Prioratus
460 4297 579 4354 euram,
596 4297 670 4342 cum
691 4298 789 4344 onere
803 4301 871 4358 suo,
887 4280 1011 4366 recepit
1025 4279 1203 4366 regendam
1216 4303 1224 4360 ;

153 4374 161 4388 '
181 4381 368 4467 statimque,
389 4380 487 4447 rebus
508 4381 576 4446 stus
598 4380 748 4448 ordinate
770 4382 945 4469 dispositis,
969 4404 1042 4448 oum
1063 4382 1225 4450 confratre

334 4524 524 4531 ---—-----.-
562 4524 596 4531 —-
614 4523 770 4533 ...αα-..κ-
777 4525 839 4531 ·--—
846 4524 1002 4531 -—---—-—-.

216 4581 278 4635 ¹Sic
290 4582 382 4636 nus.
753 4581 997 4638 waleramnus.

214 4663 349 4731 'affective
359 4663 387 4714 in
399 4661 455 4716 MS.
