3038 5452
547 706 725 758 arrrrorx
750 693 811 778 (a)
1138 695 1208 770 487

159 895 179 918 ‘⁴
199 904 302 946 eorum
320 889 474 947 infirmitas
501 893 621 964 patitur,
649 894 709 950 sint
734 895 847 951 intenti.
898 895 996 952 Finito
1018 914 1089 955 vero
1106 901 1208 965 officio,

159 980 177 1007 “
197 974 270 1031 dicti
288 975 404 1041 fratres,
425 982 477 1032 aut
493 978 519 1032 si
539 978 667 1049 aliquem
686 996 788 1035 eorum
805 996 841 1035 ex
855 994 943 1036 causa
960 981 1149 1051 infirmitatis,
1162 985 1211 1044 vel

156 1058 176 1084 “
196 1058 255 1113 alia
277 1059 451 1124 neceseffla
471 1066 538 1116 ante
566 1061 699 1117 divinum
726 1063 853 1119 officium
879 1065 1056 1136 completum
1073 1069 1211 1126 recedere

158 1147 177 1170 ‘⁴
196 1144 354 1215 contigerit
381 1145 416 1200 de
442 1147 568 1203 ecclesia
585 1154 755 1214 memorata,
775 1150 886 1220 absque
905 1166 1022 1207 morose
1040 1153 1163 1210 statione
1181 1163 1212 1212 et

157 1231 176 1254 “
196 1226 324 1283 indebita
341 1229 372 1283 in
389 1230 495 1285 itinere
513 1231 655 1297 facienda,
676 1233 713 1287 ad
731 1232 860 1303 hospitia
877 1235 996 1306 propria
1012 1245 1207 1296 revertantur.

201 1440 249 1503 De
271 1438 474 1505 eletionibus
496 1438 539 1504 io
561 1440 620 1504 oio
639 1439 782 1526 publico
803 1441 952 1510 murdrac
965 1444 1149 1529 faciendis.

194 1588 415 1645 “Prohibemus
442 1607 479 1644 ne
505 1591 612 1645 fratres
637 1590 747 1662 leprosi
774 1592 806 1646 iu
830 1591 881 1647 vla
911 1595 1004 1666 regia,
1037 1613 1102 1666 qua)
1132 1596 1209 1654 iuter

157 1676 176 1698 “
196 1672 350 1744 Hospitale
371 1679 415 1729 et
440 1673 595 1729 ecclesiam
626 1692 656 1729 se
682 1675 841 1745 protendit,
874 1676 1125 1734 deambulationes
1155 1696 1209 1736 seu

156 1757 176 1782 “
196 1773 324 1812 morosas
342 1757 451 1812 faciant
469 1758 617 1823 stationes,
645 1757 692 1812 vel
720 1764 813 1814 metas
840 1768 1022 1830 presumant
1039 1763 1208 1834 transgredi

156 1844 176 1868 “
196 1846 356 1897 consuetas.
395 1841 465 1910 Qum
490 1841 607 1913 quidem
626 1847 712 1896 metae
737 1843 767 1896 in
790 1850 874 1913 perte
893 1843 1011 1898 Boreali
1030 1845 1108 1899 etin
1126 1853 1208 1916 parte

156 1929 175 1952 ‘⁶
195 1925 328 1981 Australi
346 1926 416 1981 dicti
435 1926 588 1998 hospitalis
613 1926 644 1980 in
661 1926 800 1997 prasenti
824 1927 978 1983 manifeste
996 1938 1158 1999 appareut;
1179 1937 1209 1986 et

156 2013 175 2038 ‘⁶
196 2009 350 2066 statuimus
370 2009 448 2081 quod
466 2010 509 2066 aio
528 2010 674 2065 emineant
691 2011 723 2065 in
740 2011 881 2066 futurum.

193 2210 293 2294 Quod
315 2212 453 2280 Fratres
476 2212 616 2300 Leproee'
638 2211 729 2279 coire
750 2212 928 2300 Hospitole
950 2210 1024 2278 sine
1046 2211 1187 2283 licentio

519 2338 593 2382 ooo
611 2322 836 2402 preconem.

192 2465 294 2522 “Cum
318 2466 362 2522 hii
381 2466 432 2538 qui
458 2467 547 2539 leprae
573 2463 709 2523 morbum
737 2467 903 2531 incurrunt,
935 2466 971 2521 de
998 2468 1209 2524 consuetudine

155 2553 175 2577 “
196 2549 328 2623 generali
345 2569 363 2605 a
381 2552 584 2608 commuuione
602 2553 755 2607 hominum
773 2555 955 2624 reperentur,
976 2555 1006 2606 et
1024 2551 1054 2604 in
1065 2550 1133 2623 lege
1152 2549 1209 2607 Dei

156 2637 177 2662 “
196 2635 374 2707 generaliter
392 2635 432 2691 sit
449 2641 628 2708 praeceptum
646 2641 680 2690 ut
698 2636 807 2708 leprosi
826 2633 927 2691 ¹extra
944 2641 1041 2691 castra
1052 2641 1206 2707 ponantur,

155 2722 176 2746 “
196 2719 352 2776 inhibendo
370 2720 528 2777 statuimus
547 2720 626 2794 quod
643 2720 748 2776 fratres
767 2719 876 2792 leprosi
889 2719 1019 2776 clausam
1036 2720 1208 2777 interiorem

155 2803 267 2858 “dicti
292 2804 456 2876 hospitalis,
483 2804 532 2860 vel
559 2805 717 2860 exteriores
747 2809 841 2859 metas
868 2805 979 2876 positas
1010 2804 1046 2858 ab
1077 2805 1206 2877 antiquo,

156 2891 176 2916 ‘⁸
198 2887 308 2959 absque
337 2888 458 2944 licentia
482 2887 631 2959 Magistri,
650 2905 709 2942 nou
740 2893 845 2944 exeant
875 2887 1086 2959 quovismodo;
1120 2907 1208 2958 quam

157 2975 177 2999 “
196 2971 345 3028 licentiam
363 2971 508 3043 Magister
526 2971 694 3043 aliqualiter
712 2989 770 3027 non
788 2970 938 3036 concedat,
958 2971 1015 3025 nisi
1034 2988 1122 3026 causa
1139 2972 1207 3028 talis

156 3056 177 3084 “
196 3055 375 3127 exprimatur
393 3055 497 3120 eidem,
516 3073 581 3127 qum
604 3055 703 3128 ipsum
729 3054 766 3110 ad
784 3055 935 3112 licentiam
952 3054 1119 3125 hujusmodi
1140 3073 1207 3111 con-

157 3144 176 3168 ·‘
197 3138 356 3195 cedendam
373 3141 479 3196 merito
505 3139 643 3195 inducere
671 3139 785 3205 debeat,
815 3146 845 3195 et
872 3156 999 3194 movere.
1050 3137 1092 3193 Ut
1108 3144 1207 3196 tamen

157 3228 176 3252 “
196 3223 287 3280 frater
306 3223 442 3296 leprosus
468 3223 506 3279 ad
531 3223 634 3280 villam
662 3223 762 3279 Sancti
780 3222 889 3279 Albani
907 3222 1033 3286 accedat,
1053 3223 1100 3276 vel
1120 3240 1151 3278 se
1170 3225 1207 3279 ad

156 3311 174 3335 ‘⁸
193 3307 291 3364 locum
308 3307 437 3380 aliquem
455 3326 508 3379 per
524 3307 655 3363 medium
673 3307 761 3362 unius
780 3306 918 3362 milliaris
936 3324 954 3359 a
972 3306 1050 3361 dicto
1067 3306 1206 3379 hospitali

156 3390 351 3449 “distantem
369 3392 505 3456 divertat,
534 3397 586 3446 aut
611 3388 714 3445 ²extra
740 3389 885 3462 hospitale
912 3394 1071 3461 pernoctet,
1099 3391 1147 3444 vel
1174 3399 1207 3447 ut

156 3478 175 3503 “
195 3475 378 3549 ingrediatur
396 3476 433 3531 ad
449 3475 608 3540 bracinam,
628 3475 795 3547 pistrinam,
816 3490 868 3529 seu
893 3473 1042 3546 grangias,
1062 3472 1206 3545 Magistro

157 3564 176 3587 “
196 3560 345 3617 licentiam
363 3559 540 3617 concedendi
559 3557 756 3614 omnimodam
774 3557 975 3613 interdicimus
994 3563 1178 3630 potestatem.

466 3780 515 3845 De
536 3800 666 3845 coemere
687 3778 885 3846 Mulierum.

194 3941 211 3962 ⁴·
224 3936 298 4005 Quia
325 3953 360 3989 ex
385 3952 506 3990 accessu
532 3934 689 3989 mulierum
718 3934 826 3990 nedum
856 3933 1001 3997 scaudala,
1031 3932 1083 3988 sed
1116 3930 1204 3986 etiam

156 4020 358 4074 “animarum
387 4016 527 4089 pericula,
565 4018 705 4072 hactenus
736 4025 806 4074 sunt
836 4024 944 4082 secuta,
976 4016 1139 4071 inhibemus
1168 4033 1205 4070 no

156 4107 175 4131 ‘⁴
196 4103 307 4175 quevis
331 4102 440 4157 mulier
469 4101 582 4157 dictum
608 4101 753 4172 hospitale
781 4102 905 4174 ingredi,
937 4103 1043 4171 praeter
1069 4103 1203 4163 matrem,

156 4191 175 4213 ‘⁴
195 4187 317 4251 ’aviam
348 4187 602 4257 consanguineam,
634 4186 680 4240 vel
713 4203 851 4250 sororem,
884 4203 936 4240 seu
966 4182 1098 4237 lotricem
1128 4198 1205 4236 com·

157 4274 175 4298 ‘⁶
195 4288 313 4326 munem
339 4271 529 4342 prefatorum
559 4271 694 4335 drauum,
721 4269 888 4341 aliqualiter
914 4265 1119 4339 permittatur:
1150 4282 1204 4322 neo

157 4355 363 4426 “hujusmodi
390 4354 529 4409 mulieres
557 4353 673 4424 ingredi
699 4352 846 4416 volumus,
874 4351 933 4407 nisi
960 4368 1047 4406 cauea
1064 4348 1203 4405 visitandi

508 4488 757 4495 -.--.-
770 4488 804 4493 .-

189 4565 196 4593 ¹
208 4559 338 4621 Nicadm,
350 4577 373 4610 v.
387 4567 410 4610 2.
734 4559 745 4590 ³
757 4559 854 4608 amram
864 4558 891 4608 in
902 4556 958 4609 MS.
970 4555 1038 4608 Nero
1049 4556 1081 4606 D.
1094 4556 1110 4605 i.

185 4643 195 4672 ²
207 4648 232 4689 ot
244 4649 313 4690 extra
325 4639 352 4689 iu
364 4638 419 4690 MS.
432 4639 499 4689 Nero
511 4638 543 4688 D.
556 4639 571 4688 i.
