3038 5452
422 748 629 797 stonssrnrur
652 749 772 797 sanun
795 747 928 797 anam.
1131 736 1196 798 453

157 936 177 959 “
194 932 278 987 teriis
303 937 334 986 et
353 931 497 994 ecclesiis,
514 932 602 986 ctiam
615 951 632 986 a
643 931 793 988 monachis
816 932 942 1003 singulis
962 933 1057 988 nostri
1076 932 1197 988 Ordinis
1230 925 1348 986 Timum·

158 1020 176 1044 “
195 1016 369 1080 usitandum,
381 1021 415 1070 ut
426 1016 520 1079 rubio,
533 1016 665 1080 borneto,
678 1016 786 1080 blueto,
805 1022 835 1071 et
851 1016 1020 1087 hujusmodi
1038 1018 1194 1082 coloribus,
1253 992 1314 1042 ³⁰OE

155 1100 309 1170 “penitus
335 1099 541 1170 praetermissis
572 1099 694 1156 cucullis
722 1117 756 1155 ac
780 1100 889 1164 floccis,
917 1100 1091 1172 simpliciter
1122 1119 1195 1173 puro
1241 1059 1337 1176 ‘iffi’

156 1187 176 1210 ‘⁶
195 1185 290 1256 nigris
301 1183 460 1240 induantur
472 1183 591 1254 singuli,
604 1191 665 1240 tarn
677 1184 787 1239 subditi
797 1203 885 1255 quam
898 1185 1026 1257 praelati3
1041 1192 1195 1255 quatenus,
1227 1197 1347 1242 1349-96.

154 1267 1319 1342 “mmmfflmwmmwmmwffl-

155 1354 174 1378 “
195 1351 363 1407 ‘Monacbi’
382 1357 595 1423 nuncupantur,
615 1352 658 1406 sic
675 1369 781 1406 nomen
798 1358 932 1408 nostrum
956 1354 1100 1409 veraciter
1127 1354 1195 1409 reti-

157 1438 176 1461 “
194 1441 305 1500 nentes,
322 1435 360 1490 ad
371 1454 479 1508 purum
497 1435 600 1490 saltem
619 1436 650 1490 in
667 1436 860 1492 exterioribus
877 1437 1070 1502 vestimentis,
1089 1437 1196 1502 floccis,

157 1522 177 1544 “
195 1519 316 1583 scilicet,
350 1525 380 1573 et
405 1520 537 1584 cucullis,
567 1519 683 1591 penitus
720 1536 772 1574 nos
798 1527 942 1590 aptemus.
989 1521 1079 1577 Botss
1109 1521 1197 1576 etiarn

154 1607 174 1631 “
192 1609 344 1668 rostratae,
368 1610 419 1659 aut
441 1605 529 1658 nimis
554 1604 680 1669 strictas,
698 1605 786 1659 simul
805 1604 893 1660 etiarn
916 1611 945 1659 et
969 1623 1055 1660 zonas
1080 1604 1196 1667 sericas,

156 1691 176 1716 ‘⁴
196 1689 259 1744 sive
276 1689 365 1744 etiarn
383 1689 419 1744 dc
445 1689 504 1743 alia
527 1688 651 1744 materia
668 1689 873 1761 qualicunque,
895 1689 983 1744 ¹dum
1007 1696 1106 1744 tamen
1131 1707 1197 1744 cum

156 1776 174 1799 “
192 1779 330 1844 argenteo
344 1780 493 1844 apparatu,
507 1791 541 1829 ac
559 1773 672 1844 capella
689 1777 790 1828 emata
807 1791 874 1828 cum
894 1774 988 1829 serico
999 1774 1047 1828 vel
1066 1773 1195 1836 sendato,

154 1859 173 1883 ‘⁶
193 1856 229 1911 de
246 1856 335 1912 viridi
352 1856 400 1912 vel
412 1857 521 1919 blueto,
540 1863 593 1912 aut
610 1857 705 1912 colore
719 1857 777 1912 alio
795 1875 883 1928 quam
902 1874 981 1911 mere
999 1857 1094 1927 nigro,
1115 1857 1196 1928 peni-

156 1943 174 1968 “
193 1947 241 1996 tus
268 1941 481 2004 interdicimus,
509 1946 539 1996 et
563 1941 713 1997 monachis
732 1948 762 1996 et
779 1941 909 2012 praelatis
926 1939 1015 2010 hujus
1034 1940 1197 1996 Provinciae

155 2027 173 2051 “
192 2024 422 2096 quibuscunque.
459 2025 522 2080 Nec
541 2026 715 2080 monachum
736 2024 874 2094 aliquem,
892 2023 1042 2079 subditum
1059 2023 1108 2077 vel
1125 2041 1198 2093 proe·

156 2111 174 2133 “
192 2107 293 2173 latum,
330 2126 397 2164 cum
427 2107 540 2164 clochia
565 2109 615 2162 vel
640 2107 813 2172 rotundello,
848 2113 899 2163 aut
924 2105 1092 2178 hujusmodi
1117 2106 1198 2161 inho·

158 2194 176 2218 '‘
194 2197 285 2258 nesto,
314 2193 364 2248 vel
388 2193 450 2249 sola
475 2193 599 2256 cuculla,
620 2193 682 2248 siue
700 2198 783 2248 veste
802 2191 860 2246 alia
877 2192 1036 2262 superiore,
1054 2192 1199 2262 permitti·

156 2279 174 2303 '⁴
192 2293 259 2332 mus
283 2275 398 2333 deferas
423 2277 572 2348 equitare;
593 2276 644 2332 sed
669 2276 850 2339 mandamus,
869 2276 992 2331 firmiter
1010 2275 1198 2347 injungendo,

155 2364 172 2386 “
191 2367 228 2416 ut
242 2378 342 2416 omnes
360 2367 391 2417 et
402 2361 513 2433 singuli
531 2363 618 2425 sorae,
639 2361 886 2432 quotienscunque
904 2361 952 2415 vel
971 2359 1200 2431 quandocunque

158 2446 177 2470 “
197 2445 366 2516 equitaturi,
393 2445 473 2516 capis
499 2445 639 2510 honestis,
660 2445 777 2516 caputia
793 2443 969 2499 habentibus
988 2450 1097 2508 assuta,
1114 2445 1200 2514 juxta

154 2532 172 2556 “
191 2529 340 2600 antiquam
358 2528 599 2584 consuetudinem
618 2529 664 2584 sui
684 2528 816 2593 claustri,
837 2528 974 2600 superius
992 2527 1160 2582 induantur.

192 2616 211 2637 “
231 2611 315 2681 Quod
332 2613 358 2668 si
371 2631 429 2684 qua
446 2612 549 2667 domus
568 2618 675 2668 nostrie
693 2611 845 2683 religionis
867 2611 1006 2676 extiterit,
1026 2612 1088 2667 sive
1106 2612 1200 2667 claus-

157 2699 176 2722 “
196 2701 286 2760 trum,
314 2714 371 2752 non
401 2696 511 2752 habens
542 2696 578 2750 de
604 2697 727 2766 antiqua
755 2696 966 2751 consuetudine
997 2714 1083 2767 capas
1113 2695 1197 2761 tales,

157 2784 175 2809 ‘⁴
195 2787 345 2838 assumant
363 2780 420 2837 sibi
439 2779 679 2837 consuetudinem
695 2780 868 2836 Monastorii
886 2781 1080 2852 proximioris,
1099 2780 1147 2835 vel
1164 2781 1201 2834 ab

157 2868 177 2892 “
195 2865 293 2936 aliquo
311 2864 536 2922 Praesidentium
562 2864 691 2935 Capituli
716 2864 811 2919 nostri
833 2864 1027 2919 Prouincialis
1050 2864 1201 2935 inquirant

156 2952 175 2976 ‘⁴
196 2953 227 3003 et
243 2948 369 3005 habeant
385 2950 510 3004 formam
527 2948 679 3003 honestam
697 2965 777 3019 capa
796 2947 966 3018 hujusmodi
984 2947 1138 3019 pluvialis3
1158 2948 1200 3002 ita

156 3037 175 3060 ‘⁶
196 3032 274 3104 quod
286 3033 348 3088 sina
361 3050 433 3104 capa
449 3032 503 3088 tali
519 3032 595 3088 nulli
613 3032 649 3086 de
668 3019 773 3087 caetero
786 3031 825 3086 sit
836 3030 957 3086 licentia
968 3030 1127 3102 equitandi,
1141 3030 1199 3085 nisi

155 3121 175 3143 ‘⁸
195 3117 270 3171 forte
282 3134 335 3187 pro
354 3117 449 3172 forma
467 3134 545 3188 capse
562 3115 732 3187 hujusmodi
749 3114 933 3179 addiscenda,
948 3114 1000 3169 ubi
1011 3115 1094 3169 nulla
1105 3115 1200 3168 forma

156 3204 175 3226 ·‘
195 3199 316 3256 honesta
327 3201 489 3272 antiquitus
501 3200 672 3256 habebatur.
707 3199 771 3254 Nec
792 3199 979 3254 lectisterniis
998 3198 1133 3271 desuper,
1147 3206 1199 3253 aut

156 3287 175 3310 ‘⁶
195 3301 248 3354 per
276 3284 347 3341 lecti
379 3285 546 3349 circuitum,
578 3288 696 3340 utantur
722 3283 857 3340 monachi
892 3288 998 3337 nostrae
1034 3282 1196 3354 religionis,

156 3371 175 3395 ·‘
195 3368 359 3439 superiores
379 3387 431 3424 seu
453 3369 573 3433 subditi,
592 3369 651 3424 nisi
670 3367 810 3423 duntaxat
827 3366 863 3421 dc
881 3365 1004 3422 burneto
1020 3367 1069 3421 vel
1087 3367 1196 3430 blueto,

155 3456 175 3480 “
194 3452 242 3507 vel
260 3453 348 3508 etiam
366 3454 402 3509 de
420 3470 501 3508 mere
518 3454 613 3525 nigro.

192 3539 211 3563 ‘⁶
231 3536 378 3594 Praeterea
395 3538 531 3609 praelatos
550 3555 650 3593 omnes
669 3543 699 3592 ct
717 3536 849 3607 singulos
870 3541 978 3592 nostras
996 3536 1149 3609 religionis
1168 3536 1198 3591 in

156 3623 175 3649 '⁴
195 3637 297 3678 eorum
325 3622 510 3677 conscientiis
547 3621 710 3677 districtius
740 3638 903 3685 oneramus,
935 3628 969 3676 ut
997 3621 1056 3693 ipsi
1085 3621 1199 3678 tunicas

156 3708 175 3732 ‘⁸
195 3704 269 3761 tales
296 3707 389 3770 fissas,
421 3706 468 3761 vel
498 3706 663 3770 botonatas,
692 3711 726 3760 ut
751 3705 953 3776 praemittitur,
983 3724 1035 3761 seu
1059 3706 1196 3770 birratas,

156 3791 176 3815 “
195 3790 322 3856 strictas,
342 3791 404 3847 sive
423 3796 531 3854 curtas,
551 3790 640 3845 etiam
658 3790 860 3862 supertunicas
885 3791 1044 3847 manicatas
1062 3809 1129 3862 qua
1146 3791 1199 3844 im·

155 3875 175 3899 ‘⁴
194 3873 320 3931 mediate
339 3875 396 3930 sub
414 3875 516 3929 habitu
534 3873 715 3939 deferuntur,
729 3893 840 3930 necnon
851 3876 969 3946 caputia
985 3875 1033 3930 vel
1052 3874 1198 3938 almucias,

157 3960 177 3984 “
196 3976 263 4014 curn
288 3960 398 4015 inuris
426 3959 584 4029 aliquibus,
611 3965 717 4031 praeter
742 3960 852 4031 nigras,
886 3979 938 4016 seu
965 3959 1089 4016 cucullis
1116 3957 1200 4028 quasi

155 4048 176 4070 ‘⁸
196 4043 365 4109 tabardatis,
380 4049 410 4099 et
421 4044 525 4100 floccos
538 4061 571 4098 ac
585 4044 724 4109 cucullas,
738 4045 865 4100 colorem
877 4045 968 4100 alium
980 4061 1068 4115 quam
1080 4042 1199 4113 nigrum

155 4131 175 4155 “
194 4127 361 4200 aliqualiter
379 4129 600 4201 praetendentes,
623 4129 706 4184 botas
724 4135 865 4185 rostratas
884 4129 946 4185 sive
966 4128 1091 4192 strictas,
1113 4144 1200 4181 zonas

154 4216 174 4240 “
194 4213 312 4278 sericas,
333 4213 396 4270 sive
413 4230 500 4268 nonas
519 4211 641 4268 alterius
659 4214 790 4269 materia
808 4213 947 4270 habentes
959 4220 1132 4285 argenteum
1150 4230 1199 4283 ap-

155 4302 175 4326 “
193 4305 337 4370 paratum,
362 4298 488 4354 clochias
513 4297 576 4353 siva
597 4298 771 4364 rotundella,
795 4305 825 4354 et
848 4299 920 4355 talia
941 4316 1123 4370 quacunque
1145 4315 1199 4368 pro

154 4389 175 4412 ⁴⁸
194 4387 361 4457 equitatura
386 4384 526 4440 monacho
554 4384 727 4449 inordinata,
753 4385 866 4455 capella
891 4391 993 4439 ornata
1016 4402 1083 4439 curn
1108 4385 1201 4440 scrico

156 4473 175 4498 ⁸⁴
194 4471 243 4526 vel
261 4470 390 4536 sendatc,
411 4470 448 4524 de
463 4469 552 4524 viridi
569 4469 618 4524 vel
635 4469 743 4534 blucto,
757 4476 808 4524 aut
825 4469 882 4524 alio
900 4469 995 4524 colore
1014 4487 1102 4539 quarn
1122 4486 1202 4524 mere

598 4709 797 4765 tarantis.
