3038 5452
423 724 633 778 uosssrnsn
656 725 779 777 esrem
801 725 937 776 susam.
1137 711 1202 776 339

154 1017 359 1087 wisaram
395 1019 488 1087 taor
519 1020 678 1088 Priorem
711 1020 906 1108 Hospitalis
942 1027 972 1088 et
1008 1019 1204 1087 Jotaoom
1233 1029 1352 1092 masal,

248 1121 420 1201 (indetrita,
441 1130 473 1189 et
494 1122 803 1203 Larisaeorum
825 1123 906 1210 epis,
929 1144 1033 1211 stupor
1055 1123 1203 1211 praedam
1241 1096 1336 1227 ffip

246 1231 428 1292 taenaro
450 1223 494 1292 io
515 1223 711 1294 londoniae
732 1226 869 1294 aream.
1234 1231 1355 1350 lap&

200 1409 219 1436 “
243 1402 440 1468 Communia
465 1403 587 1488 placita
608 1407 706 1470 tenta
731 1403 785 1468 die
810 1403 916 1470 Lunae
940 1403 1094 1490 proxima
1123 1408 1201 1467 &1120
1213 1393 1353 1483 Rea-Hos

155 1513 173 1539 a
196 1504 332 1571 ussum
358 1504 471 1571 sanes
495 1504 586 1570 ress
612 1505 649 1569 in
673 1505 845 1584 cathedre,
869 1527 956 1571 anno
982 1505 1076 1592 rasni
1102 1498 1326 1615 Resiflffl,

155 1615 173 1642 “
196 1606 363 1685 Edwardi,
379 1607 483 1672 Tertii
506 1611 582 1693 post
604 1607 848 1693 Conquaestum,
872 1607 1053 1674 undecimo.
1215 1632 1257 1683 the
1268 1631 1343 1681 Prior

202 1718 222 1744 “
244 1708 339 1774 Prior
374 1708 559 1795 Hospitalis
597 1710 712 1775 Sancti
746 1710 912 1776 «Iohannis
949 1709 1132 1775 Jerusalem
1167 1697 1370 1815 ἱηοῖἓθξὲζ

156 1818 175 1848 “
198 1812 323 1900 Anglia
348 1811 435 1898 petit
460 1833 576 1877 versus
602 1811 790 1879 Johannem
818 1813 859 1878 de
887 1812 1063 1889 Godeston,
1080 1816 1115 1876 et
1136 1779 1324 1882 Lu-llrhn‘lf

155 1922 175 1949 “
197 1915 290 1992 ciam,
302 1903 439 1980 uxorem
454 1915 533 2000 ejus,
546 1934 652 1979 unum
666 1915 882 2000 mesuagium,
897 1935 971 1980 eum
982 1913 1201 1999 pertinentiis,
1214 1897 1354 2015 J‘ffffl

158 2024 177 2053 ‘¹
199 2022 239 2082 ut
248 2016 304 2102 jus
320 2036 424 2094 suum,
440 2023 475 2081 et
489 2016 674 2104 Hospitalis
689 2017 741 2082 sui
756 2015 914 2104 praedieti,
929 2021 1089 2102 tauquam
1104 2035 1201 2101 gave-
1214 1979 1247 2079 dl
1258 1979 1354 2082 soles-

159 2129 176 2155 “
197 2121 327 2196 lettum‚
343 2119 521 2184 seeundum
546 2119 817 2185 consuetudinem
833 2119 989 2185 Civitatis
1012 2124 1043 2184 et
1064 2123 1202 2196 eoetero;
1215 2097 1352 2213 ffinffiis

159 2231 176 2256 “
198 2227 233 2288 et
255 2221 343 2288 unde
366 2221 447 2287 dicit
468 2221 557 2307 quod
570 2221 721 2308 praedicti
736 2221 906 2287 Johsnnes
921 2226 955 2286 et
971 2220 1073 2285 Lucia
1087 2223 1203 2284 tenent
1215 2230 1282 2290 wife,
1293 2198 1321 2279 {a
1333 2236 1360 2278 to

158 2333 176 2359 “
199 2325 240 2390 de
263 2345 301 2391 eo
324 2328 359 2389 et
373 2318 543 2411 Hospitali
558 2346 617 2390 suo
635 2323 801 2410 praedicto,
817 2329 857 2389 ut
872 2321 999 2408 dejure
1016 2321 1203 2408 Hospitalis
1215 2309 1371 2412 {ffllffi

156 2433 175 2463 “
197 2425 251 2492 sui
272 2424 431 2513 praedicti,
447 2447 552 2490 unum
573 2426 787 2513 mesuagium,
811 2447 886 2491 oum
908 2422 1128 2513 pertinentiis,
1144 2426 1369 2511 persecurus

157 2535 176 2564 ‘⁴
198 2527 371 2594 servitium
391 2527 514 2616 viginti
532 2532 566 2593 et
586 2527 688 2593 unius
712 2528 892 2593 solidorum
917 2549 978 2614 per
993 2547 1137 2607 annum;
1162 2524 1203 2591 de
1216 2495 1331 2546 1⁴⁰¹²⁶⁰¹¹⁵

156 2640 174 2667 “
196 2653 262 2718 quo
277 2629 411 2717 quidem
434 2630 570 2696 servitio
586 2629 721 2717 quidam
738 2630 857 2696 Frater
869 2628 1060 2695 Leonardus
1075 2628 1117 2695 de
1139 2627 1204 2714 Ty-

155 2739 174 2770 “
195 2733 320 2819 bertys,
344 2733 438 2799 Prior
461 2733 647 2820 Hospitalis
676 2732 835 2820 praedicti,
858 2731 1076 2819 praedeeessor
1104 2731 1204 2797 istius

157 2844 174 2871 “
197 2832 329 2914 Prioris,
345 2835 412 2901 fuit
427 2835 558 2901 seisitus
579 2857 638 2923 per
660 2857 778 2901 manus
792 2834 951 2901 Willelmi
965 2833 1027 2900 filii
1050 2831 1205 2922 Symonis

157 2944 176 2974 “
199 2936 240 3004 de
248 2937 283 3002 N
285 2942 408 3020 ortone,
418 2943 579 3025 tanquam
594 2959 652 3025 per
667 2960 786 3004 manus
801 2938 873 3004 veri
887 2938 1031 3003 tenentis
1046 2937 1098 3003 sui
1112 2941 1204 3001 tene·

156 3046 174 3076 ‘⁸
195 3039 301 3106 menti
315 3037 474 3128 prsedioti,
491 3045 638 3127 tempore
652 3042 751 3128 pacis,
766 3047 915 3127 tempore
929 3041 1030 3128 Regis
1046 3036 1204 3104 Edwardi

159 3150 177 3179 ‘¹
198 3162 295 3222 nunc,
311 3141 468 3230 sapiendo
491 3142 568 3209 inde
590 3144 737 3230 expletas
760 3143 802 3208 ad
826 3141 1006 3208 valentiam
1028 3146 1058 3209 et
1079 3145 1204 3216 cebro,

158 3252 176 3282 “
197 3251 238 3310 nt
259 3241 297 3310 in
318 3244 513 3323 redditibus,
536 3245 719 3334 arreragiis,
741 3249 776 3312 et
806 3243 880 3311 aliis
903 3249 933 3310 et
955 3248 1082 3323 cetero,
1104 3246 1144 3306 ut
1166 3240 1206 3307 de

159 3354 176 3384 ‘⁸
193 3346 270 3436 jure
286 3346 470 3436 Hospitalis
486 3346 537 3413 sui
552 3346 703 3436 praedicti
718 3355 748 3414 et
764 3353 887 3415 eoetero.
918 3345 964 3412 Et
978 3344 1056 3432 quia
1070 3349 1205 3411 eentum

159 3453 176 3486 ‘⁴
198 3449 341 3538 quinque
363 3450 460 3516 solidi
483 3450 514 3516 ei
536 3473 557 3516 a
577 3448 816 3518 retrofuerant
838 3449 879 3515 de
893 3448 1025 3514 redditu
1038 3445 1206 3535 praediolo,

160 3558 181 3589 “
202 3551 256 3618 die
278 3550 521 3640 impetrationis
543 3552 654 3618 brevis
675 3552 736 3631 sui,
751 3551 914 3630 videlieet,
935 3549 1036 3616 tertio
1051 3549 1104 3615 die
1119 3548 1207 3613 Mar·

160 3659 177 3690 “
200 3652 251 3737 tii,
273 3674 362 3720 anno
383 3655 478 3742 regni
499 3654 599 3742 Regis
614 3653 773 3720 Edwardi
795 3674 884 3720 nuno
906 3652 1041 3734 decimo,
1057 3651 1097 3718 de
1112 3651 1208 3737 quin-

159 3762 177 3793 “
200 3774 264 3842 qus
295 3755 391 3822 annis
428 3756 567 3844 elapsis;
600 3762 633 3822 et
669 3756 865 3844 praediotum
887 3754 1100 3842 mesuagium,
1133 3773 1208 3817 eum

157 3865 175 3894 ‘⁴
197 3856 409 3946 pertinentiis
430 3859 506 3938 suis,
520 3857 587 3924 fuit
607 3857 863 3946 indistringibile
885 3878 1063 3946 perunum
1084 3874 1207 3919 annum

157 3966 176 3996 “
197 3964 233 4027 et
246 3980 350 4026 unum
366 3961 453 4027 diem
466 3987 474 4042 ;
496 3960 582 4049 petit
600 3962 797 4048 praedictum
811 3961 1026 4048 mesuagium,
1044 3978 1118 4025 oum
1133 3977 1204 4043 per-

154 4071 173 4099 “
195 4061 357 4144 tinentiis,
383 4069 543 4152 tanquam
565 4064 778 4151 gavelettum,
799 4062 976 4130 seeundum
1002 4056 1206 4127 eonsuetudi-

155 4173 174 4199 “
196 4184 274 4231 nem
288 4163 462 4246 civitatis,
479 4171 509 4233 et
524 4173 664 4233 amura-
694 4166 741 4232 Et
763 4164 850 4252 quod
871 4165 938 4231 tale
960 4164 1005 4230 sit
1022 4162 1080 4249 jus
1100 4181 1205 4237 suurn,

156 4273 175 4303 ‘⁸
197 4273 234 4335 et
255 4266 442 4357 Hospitalis
465 4271 517 4335 sui
538 4266 699 4357 praedieti,
723 4266 821 4335 offert
842 4274 873 4333 et
895 4273 1019 4333 eoewro.

297 4439 389 4444 -.-.-
407 4440 420 4444 -
440 4439 475 4445 ..-
492 4438 816 4446 -.....-....--.-..--——-—-·-—-

194 4539 277 4593 ”ruis
293 4543 389 4594 motion
406 4543 452 4594 hee
461 4543 585 4609 probably
597 4544 659 4595 been
707 4557 799 4607 appear
815 4550 842 4594 to
853 4542 912 4592 bear
922 4556 972 4606 any
983 4539 1111 4592 reference
1127 4545 1154 4590 to
1171 4538 1209 4591 St.

161 4618 270 4671 ineened
292 4620 318 4671 in
339 4637 417 4685 error,
439 4637 467 4673 as
490 4623 509 4673 it
530 4624 590 4673 does
617 4630 662 4672 not
708 4622 821 4673 Alban’s.

1009 4701 1077 4763 un
