3038 5452
425 726 637 781 nosternon
659 726 779 779 aaron
801 727 938 780 susim.
1138 719 1202 788 209

154 914 357 980 Laurentius
388 915 429 982 de
462 916 599 1003 Ayeote,
632 937 693 1005 pro
725 917 852 984 duobus
881 916 1087 995 tenementis,
1122 918 1203 983 duos
1215 929 1370 991 nicharon,

155 1038 280 1103 equos3
302 1025 337 1084 et
352 1019 451 1084 Terra
473 1019 727 1106 Dispensatoris,
751 1041 849 1106 quam
865 1025 980 1085 tenent
996 1019 1202 1086 Camerarius
1241 999 1338 1128 ἱξζξτ,

155 1120 351 1186 Monasterii
383 1131 417 1187 et
446 1121 615 1188 Johannes
637 1122 779 1210 Aygnel,
809 1125 846 1188 in
880 1121 1067 1201 Radburna,
1104 1124 1203 1190 debet
1233 1130 1345 1249 ¹3ipat->55

154 1244 261 1288 unum
285 1245 412 1311 equum.
1346 1237 1354 1252 ·

216 1552 267 1619 De
283 1553 402 1639 sorum
419 1552 650 1641 praefectianus
671 1552 810 1622 Nicolaa'
833 1554 873 1622 de
894 1555 1085 1626 Fluartstede
1107 1557 1150 1624 in

446 1656 606 1724 Priorem
626 1657 749 1726 Sonat
771 1657 913 1726 Albani.

203 1831 307 1917 Cujus
327 1833 470 1898 Abbatis
492 1840 649 1921 tempore,
673 1834 838 1900 Robertus
860 1835 901 1900 de
923 1835 958 1901 N
959 1840 1081 1916 ertone,
1107 1836 1202 1903 Prior
1213 1843 1295 1894 Death
1306 1842 1337 1894 of

156 1935 311 2001 Ecclesiae
333 1935 449 2001 Sancti
470 1936 602 2017 Albani,
626 1937 714 2002 diem
736 1937 853 2003 clausit
875 1943 1066 2005 extremum.
1110 1912 1351 2027 ¹Post}Obertde

1294 1993 1310 2025 n

155 2039 294 2103 tertium
322 2059 401 2103 vero
428 2038 515 2103 diem
545 2061 566 2103 a
594 2039 765 2126 sepultura
794 2038 873 2125 ejus,
895 2040 1026 2107 nemine
1056 2042 1097 2107 de
1126 2064 1201 2129 pro·
1212 1984 1326 2133 1³32?
1327 2014 1368 2093 'St

154 2140 264 2226 posito
287 2139 431 2205 Abbatis
453 2140 584 2219 sciente,
599 2141 767 2228 ingressus
789 2147 839 2207 est
861 2141 977 2208 Abbas
1000 2142 1201 2230 Capitulum,
1213 2111 1300 2161 Alban
1310 2125 1331 2161 ⁸’

155 2243 250 2328 qnasi
272 2243 466 2330 praefixurus
488 2243 575 2308 diem
607 2266 672 2329 quo
701 2244 913 2310 tractandum
943 2245 1028 2312 foret
1058 2246 1098 2312 de
1128 2269 1202 2334 pro-

154 2344 264 2430 posito
287 2344 470 2410 ordinando
489 2368 498 2424 ;
518 2344 575 2430 qui
596 2345 712 2411 taliter
734 2367 825 2412 orsus
847 2351 898 2412 est
919 2347 982 2411 fari
994 2371 1047 2412 2-

199 2455 218 2483 “
240 2446 470 2512 Amantissimi
507 2446 625 2512 fratres
663 2448 736 2527 mei,
767 2449 871 2514 nostis
904 2449 1069 2534 quomodo
1106 2471 1200 2517 aarus
1214 2466 1309 2531 speech
1320 2465 1349 2516 os

155 2555 174 2586 “
197 2554 317 2626 noster,
333 2550 429 2614 bonae
444 2549 620 2629 memoriae,
637 2550 800 2616 Robertus
823 2550 917 2616 Prior
943 2551 979 2615 in
1001 2551 1072 2618 fata
1093 2554 1200 2619 deces-
1211 2534 1324 2650 ffifffl

155 2658 174 2689 “
197 2651 261 2730 sit3
283 2657 317 2716 et
339 2651 463 2715 bonum
479 2658 515 2716 et
528 2654 612 2716 utile
635 2652 729 2716 nobis
744 2658 801 2730 est,
818 2653 854 2716 in
869 2653 1072 2737 adjutorium
1094 2657 1199 2721 nostri
1212 2666 1324 2728 thereon,
1334 2666 1361 2715 in

156 2759 174 2789 “
195 2753 324 2830 laboris,
339 2758 373 2818 et
395 2753 562 2818 cumulum
580 2755 683 2819 vestri
705 2755 823 2835 solatii,
839 2755 940 2820 alium
955 2757 1026 2822 loeo
1042 2779 1109 2838 suo,
1126 2780 1199 2823 oum
1212 2747 1365 2848 ffiffin'

154 2861 174 2891 “
197 2863 307 2921 vestro
330 2855 473 2934 oonsilio,
496 2856 680 2943 subrogare.
727 2858 773 2923 Et
795 2858 865 2924 haee
895 2863 946 2924 est
976 2881 1073 2924 causa
1095 2861 1198 2925 nostri
1212 2865 1369 2914 Nicholude

156 2964 173 2992 “
197 2957 359 3025 adventus
392 2958 566 3024 intervos
599 2959 660 3024 hae
692 2959 771 3025 vioe.
817 2959 879 3025 Est
914 2961 1077 3047 siquidem
1114 2984 1199 3027 unus
1211 2932 1357 3047 Emi

157 3065 174 3094 ‘¹
196 3058 336 3124 flatrum
368 3065 565 3141 nostrorum,
601 3062 653 3126 vir
683 3062 800 3146 utique
834 3067 957 3127 sanetae
989 3069 1024 3128 et
1052 3062 1200 3150 probatae
1212 3078 1302 3114 02⁹0?-

156 3167 175 3196 “
197 3162 374 3249 religionis,
408 3164 545 3241 sobrius,
579 3163 731 3242 mundus,
767 3164 934 3241 discretus,
956 3170 991 3230 et
1021 3165 1104 3252 pius,
1135 3188 1201 3251 quo

156 3268 175 3298 “
195 3285 263 3328 non
286 3265 439 3330 novimus
461 3266 629 3331 meliorem
651 3265 695 3331 ad
718 3265 806 3330 huno
828 3265 937 3332 locum
960 3269 1150 3348 tenendum,
1173 3269 1202 3333 si

155 3371 174 3401 “
195 3372 342 3432 vestrum
359 3368 441 3433 assit
464 3368 645 3446 eonsilium,
660 3373 695 3434 et
709 3390 879 3449 assensus3
896 3368 1021 3450 Frater,
1039 3370 1202 3454 videlieet,

154 3475 171 3503 ‘⁴
194 3468 351 3535 Nieolaus
366 3470 407 3535 de
423 3469 618 3538 Flamstede.
664 3470 702 3537 Si
724 3470 797 3557 quis
819 3492 896 3559 ergo
911 3471 1013 3538 fuerit
1030 3473 1118 3538 inter
1134 3495 1203 3552 vos,

153 3577 172 3606 “
194 3571 252 3656 qui
282 3572 388 3637 dicere
417 3573 472 3658 pie
501 3574 605 3653 novit,
629 3568 730 3659 quare
759 3596 827 3639 non
853 3581 1005 3662 oporteat
1026 3576 1136 3664 ipsum
1165 3579 1203 3643 in

154 3680 170 3708 “
193 3672 339 3739 Priorem
354 3680 504 3750 vestrum
526 3674 656 3762 praefici,
673 3676 906 3762 aequanimiter
927 3677 1106 3760 audiemus,
1125 3686 1201 3746 tan-

154 3781 174 3812 “
195 3797 294 3861 quam
317 3776 464 3842 volentes
488 3777 594 3864 magis
616 3778 657 3842 de
678 3799 760 3844 sano
783 3779 919 3844 oonsilio
942 3801 1042 3865 quam
1072 3782 1113 3848 de
1143 3805 1201 3848 vo·

156 3882 172 3912 “
194 3877 336 3942 luntatis
358 3879 495 3944 arbitrio
517 3879 690 3965 proaedere
712 3880 749 3944 in
771 3880 832 3947 hae
854 3880 975 3969 parte''

199 3978 332 4045 Fratres
354 4003 440 4068 ergo,
456 3982 595 4047 attoniti
611 3982 653 4047 de
667 3983 818 4049 novitate
840 3983 939 4069 hujus
953 3985 1011 4065 rei,
1027 3985 1198 4071 repentine
1211 4002 1327 4066 sirpuse

153 4083 382 4148 oontiauerunt
404 4105 525 4163 omnes,
548 4089 583 4149 et
607 4084 732 4150 factum
756 4090 807 4151 est
837 4085 1008 4151 silentium
1040 4107 1198 4171 magnum
1211 4070 1327 4186 {Qu

154 4183 242 4249 inter
257 4206 318 4250 eos.
365 4185 482 4251 Frater
505 4185 664 4252 Nicolaus
685 4186 790 4272 igitur
812 4187 947 4252 interim
962 4188 1063 4274 eoepit
1085 4209 1119 4252 se
1142 4209 1198 4252 ex·
1212 4203 1314 4252 tuerent.

154 4306 275 4364 ousare,
290 4292 325 4352 et
347 4289 496 4374 proprios
519 4288 664 4354 defectus
687 4310 849 4375 opponere
867 4315 875 4369 ;
898 4290 1002 4375 magis
1025 4310 1067 4354 ex
1089 4289 1197 4355 humi-
1210 4266 1329 4385 {ffiffi

154 4387 248 4454 litate
271 4410 370 4475 quam
393 4413 435 4456 ex
456 4391 608 4469 veritate,
630 4396 670 4456 ut
693 4391 845 4456 omnibus
868 4397 986 4456 notum
1009 4397 1087 4457 erat.
1210 4401 1323 4451 maresa

197 4488 326 4557 Iterum
359 4492 521 4559 Dominus
555 4494 668 4558 Abbas
692 4493 853 4573 dixit,-“
864 4494 968 4557 Estne
990 4492 1119 4580 aliquis,
1141 4494 1197 4581 qui
1211 4469 1369 4599 fflffissg

155 4598 171 4630 “
194 4593 300 4660 dicere
333 4596 415 4661 velit
449 4600 509 4662 aut
541 4596 648 4677 novit,
679 4617 780 4684 quare
813 4617 881 4664 non
914 4594 1033 4664 debeat
1071 4597 1198 4689 imponi
1211 4601 1318 4654 mmoeu.

1042 4716 1065 4765 0
