3038 5452
245 701 309 765 456
616 715 722 764 onera
744 714 908 765 nnasruu

94 902 213 965 Thomas,
246 902 265 925 ‘⁸

119 971 178 1020 soth
245 985 263 1009 ⁴⁶

101 1035 195 1097 Abbot,

120 1102 183 1153 Al).
245 1157 263 1178 u

91 1174 210 1220 1319-96.

113 1264 184 1279 -

284 905 329 954 ter
348 909 511 974 occupatos,
531 919 584 956 nec
601 902 748 964 habentes,
767 921 804 957 ex
826 901 1014 973 praelatorum
1032 918 1153 956 suoram
1168 900 1296 956 11000110

285 985 330 1038 vel
355 991 508 1057 praeapte,
529 986 685 1055 quominus
705 986 903 1056 Complatorio
920 985 1046 1047 valeant,
1078 991 1130 1040 aut
1152 984 1293 1045 debeant,

246 1072 263 1094 '⁴
284 1069 433 1133 interesse,
460 1090 493 1125 ac
517 1077 583 1142 post
613 1069 842 1140 Completorium
867 1069 1016 1125 silentium
1040 1070 1209 1132 observare,
1236 1069 1294 1123 sci·

283 1161 365 1208 enter
392 1161 489 1208 tamen
515 1153 695 1223 permittunt,
725 1160 776 1208 aut
806 1152 903 1208 debite
926 1170 984 1208 nou
1012 1152 1188 1224 impediunt,
1215 1171 1249 1208 ae
1276 1170 1296 1206 a

283 1237 479 1307 Complatorio
515 1236 700 1307 culpabiliter
730 1237 892 1300 absentare,
923 1236 1119 1308 potationibus
1151 1236 1294 1294 serotinis

243 1325 261 1346 '⁶
281 1340 393 1386 vacare,
407 1320 514 1375 sabulis
527 1321 637 1383 otiosis,
652 1320 750 1385 immo,
764 1321 993 1377 detractionibus
1004 1321 1169 1385 venenosis,
1183 1339 1291 1392 usque,

242 1410 261 1431 ⁴⁶
282 1405 328 1459 vel
352 1404 479 1468 circiter,
508 1404 602 1459 noetis
627 1404 755 1459 medium
773 1405 919 1476 vigilare;
943 1405 1019 1460 unde
1038 1424 1056 1459 a
1073 1404 1232 1460 Matutinis
1257 1421 1292 1459 se

242 1492 260 1514 '⁶
281 1488 465 1551 subtrahunt,
492 1488 539 1542 vel
576 1488 638 1543 sine
666 1487 818 1544 devotione
843 1490 1051 1552 interemtae
1078 1488 1116 1544 ad
1138 1489 1292 1545 celebran-

241 1579 259 1598 “
280 1572 349 1626 dum
367 1573 398 1626 iu
417 1571 542 1628 crastino
555 1572 719 1627 cfficiuntur
730 1572 898 1644 indispositi
917 1580 947 1628 ct
964 1573 1065 1644 inepti.
1095 1572 1215 1629 Talium
1232 1573 1293 1645 igi·

241 1661 259 1682 ‘⁶
279 1662 327 1710 tur
339 1656 525 1727 praelatorum
543 1656 753 1727 negligentiam
767 1657 913 1728 supplere,
924 1656 1109 1712 subditorum
1120 1657 1215 1711 vitam
1227 1664 1291 1712 iam

240 1746 258 1766 ⁶·
279 1740 471 1795 inordinatam
489 1741 667 1812 restringere
679 1759 712 1794 ac
731 1741 888 1812 corrigere,
902 1742 1061 1812 cupientes,
1077 1741 1237 1796 statuimus
1258 1748 1294 1796 ut

239 1830 257 1850 “
277 1824 399 1895 praelati,
425 1824 581 1895 creteriquc
607 1823 644 1878 ad
674 1823 837 1878 custodiam
865 1823 983 1879 Ordinis
1008 1825 1150 1896 deputati,
1181 1824 1230 1879 vel
1259 1826 1291 1879 in

239 1912 257 1934 ‘⁶
277 1914 426 1978 posterum
450 1907 616 1978 deputandi,
639 1907 675 1961 de
693 1907 800 1962 talibus
819 1907 976 1978 diligenter
1000 1909 1159 1979 inquirant,
1181 1926 1216 1963 ao
1238 1927 1290 1964 eos

239 1996 257 2018 ‘⁸
277 1992 313 2046 ab
331 1992 499 2063 hujusmodi
517 1991 690 2054 insolentiis,
706 1991 939 2063 excessibusque,
960 1999 1161 2063 compescant;
1182 1993 1288 2058 immo,

238 2080 256 2101 “
276 2076 350 2131 tales
381 2094 579 2147 quoscunque,
616 2075 674 2130 nisi
710 2076 836 2147 correpti
873 2076 961 2131 eitius
992 2077 1194 2142 emendentur,
1233 2094 1290 2147 per

237 2162 256 2186 “
277 2159 468 2215 ¹amoti0nem
488 2159 524 2214 ab
549 2176 649 2214 eorum
668 2159 779 2223 officiis,
801 2160 825 2214 si
851 2178 916 2229 quea
934 2159 1052 2224 habent,
1072 2167 1124 2214 aut
1140 2177 1197 2232 per
1216 2160 1288 2215 sub·

237 2247 255 2269 “
275 2245 448 2300 tractionem
461 2244 660 2314 cujuscunque
680 2243 786 2306 solatii,
807 2240 957 2313 Β0001001.
990 2243 1102 2312 Quibus
1115 2243 1287 2314 adjicimus,

237 2328 460 2400 “injungentes
490 2334 525 2382 ut
553 2345 663 2390 omues,
696 2333 755 2381 tam
786 2335 942 2399 sequentes
979 2327 1162 2383 Conventum
1194 2345 1287 2398 quam

236 2415 255 2437 ‘⁸
275 2410 493 2476 Obedientiarii,
518 2429 570 2482 pro
597 2417 704 2482 quanto
729 2428 777 2465 eos
808 2410 993 2466 rationabilis
1024 2411 1178 2483 occupatio
1203 2412 1287 2467 circa

236 2499 254 2522 “
275 2514 374 2550 corum
409 2497 501 2551 officia
530 2514 587 2551 000
618 2501 744 2560 excusat,
777 2494 944 2566 ubicunque
981 2495 1163 2550 comederint
1198 2502 1287 2551 extra

236 2582 254 2606 “
275 2579 482 2643 Refectorium,
503 2600 520 2634 a
539 2579 692 2634 Dominica
709 2580 804 2650 prima
815 2578 969 2634 Adventus
989 2579 1109 2634 Domini
1127 2597 1225 2650 nsque
1245 2581 1285 2635 ad

235 2668 254 2690 “
274 2663 389 2726 Natale,
411 2669 441 2717 ct
459 2682 476 2718 a
494 2663 647 2719 Dominioa
670 2664 700 2718 in
719 2663 970 2735 Quinquagesima
988 2664 1137 2735 usquead
1156 2663 1284 2719 Festum

236 2751 254 2774 ‘¹
274 2746 404 2809 Paschae,
428 2753 458 2801 et
482 2747 513 2800 in
538 2747 671 2802 omnibus
697 2748 787 2802 sextis
806 2748 889 2802 feriis
908 2755 938 2803 et
957 2747 1103 2813 SabbatiS,
1129 2766 1164 2804 ac
1191 2748 1284 2803 etiam

233 2830 302 2884 “in
330 2829 463 2884 omnibus
481 2830 605 2901 Vigiliis
631 2830 786 2885 Fastorum
812 2831 1033 2903 Principalium,
1064 2831 1225 2887 Oollationi
1254 2839 1284 2887 ct

234 2921 252 2946 ‘⁸
274 2919 468 2991 Completcrio
499 2936 593 2988 usque
624 2918 654 2972 iu
681 2920 768 2973 finem
798 2919 943 2984 intersint,
973 2926 1003 2974 ct
1030 2938 1048 2975 a
1076 2920 1283 2991 completorio

232 3008 250 3030 ‘⁴
270 3003 306 3060 ad
331 3003 543 3066 dormitorium,
565 3004 600 3057 de
613 3003 821 3058 consuetudine
837 3003 967 3073 jacentes
986 3005 1017 3057 in
1036 3003 1147 3068 eodem,
1167 3004 1283 3060 directe

232 3091 250 3114 “
271 3107 301 3143 se
320 3089 499 3143 transferant
517 3086 554 3141 ad
572 3087 773 3157 pausandum,
799 3087 856 3142 nisi
881 3089 974 3158 major
995 3088 1135 3159 praelatus
1161 3089 1192 3142 in
1217 3089 1282 3144 Mo·

232 3176 250 3199 “
270 3173 398 3228 rrasterio
424 3190 491 3227 cnm
519 3171 626 3242 aliquo,
653 3189 688 3226 cx
712 3190 801 3226 causa
821 3172 911 3242 justa,
941 3172 1069 3227 voluerit
1089 3172 1281 3243 dispensam

231 3260 249 3283 ‘⁶
269 3257 315 3311 vel
335 3257 391 3311 nisi
410 3257 445 3311 ab
465 3256 568 3326 ecqui
588 3255 744 3311 Collationi
762 3257 922 3326 praefuorit,
938 3262 971 3310 nt
992 3255 1109 3310 aliunde
1129 3275 1162 3311 se
1181 3257 1280 3312 diver·

230 3349 249 3371 ‘⁴
271 3353 330 3400 tara
355 3345 479 3407 valcant,
500 3345 648 3400 licentiam
672 3344 829 3399 habuerint
847 3345 1023 3415 specialem
1045 3363 1133 3414 quam
1158 3346 1279 3416 quidem

229 3429 415 3484 “licentiam
439 3430 475 3484 ab
500 3448 534 3483 eo
566 3429 683 3484 concedi
715 3429 839 3484 firmiter
876 3429 1050 3493 inhibemus,
1082 3431 1140 3485 nisi
1178 3431 1279 3487 subsit

229 3515 247 3538 “
268 3530 356 3566 causa
374 3511 557 3567 rationabilis
577 3519 664 3584 atque
679 3513 769 3583 justa.

263 3595 409 3650 “Nullus
438 3614 506 3649 vero
532 3596 707 3660 claustralis,
735 3603 842 3668 praeter
869 3615 936 3651 eum
962 3597 1013 3668 qui
1039 3608 1106 3668 post
1129 3598 1273 3670 majorem

228 3680 421 3750 “praelatum
448 3680 602 3734 Collationi
625 3686 655 3735 et
676 3680 871 3751 Complctcrio
896 3681 1077 3752 praesideret,
1105 3683 1135 3737 iu
1170 3684 1275 3740 Reice·

229 3769 247 3791 ‘⁶
267 3764 342 3819 torio
361 3763 503 3827 reficiens,
524 3763 623 3834 aliquo
642 3771 772 3835 tempore
800 3766 867 3818 anni
895 3785 913 3819 0
931 3765 1093 3821 collatione
1116 3767 1165 3821 vel
1190 3768 1276 3822 Com·

229 3853 248 3876 ‘⁸
269 3849 396 3920 pletorio
427 3866 457 3902 sc
484 3848 627 3905 absentet.
654 3850 721 3911 nisi,
750 3856 869 3920 propter
895 3850 1072 3914 instantiam,
1100 3850 1137 3905 ab
1163 3870 1197 3905 eo
1225 3853 1274 3924 qui

228 3937 246 3960 “
266 3932 457 4004 personaliter
484 3938 591 4002 prrecst
619 3932 647 3985 in
669 3932 848 3988 Monasterio
873 3933 1021 3990 licentiam
1049 3934 1186 3991 habuerit
1212 3955 1276 4008 spe-

227 4021 246 4044 ¹‘
266 4018 379 4073 oialem.

56 4103 96 4150 00
109 4100 150 4152 tbc

54 4167 135 4219 duties
146 4169 177 4218 of
227 4190 245 4213 u

54 4233 164 4285 Visitors
175 4235 203 4285 of
226 4278 244 4298 „

54 4298 150 4360 houses,
164 4301 190 4351 in

53 4381 122 4415 cases
134 4368 163 4416 oi

53 4432 102 4480 evil
115 4449 154 4484 rc·

52 4506 114 4562 port

262 4110 280 4130 ‘⁶
300 4104 455 4164 Praeterea,
476 4119 512 4156 no
539 4099 686 4156 ⁸scintilla
705 4103 809 4167 tenuis,
830 4120 864 4156 ex
883 4101 996 4158 desidia
1023 4103 1222 4174 prelatorum,
1243 4106 1272 4160 in

265 4188 411 4242 flammam
438 4192 568 4242 transeat
593 4185 811 4252 destructivam,
839 4185 993 4242 statuimus
1013 4194 1046 4241 ut
1072 4205 1139 4242 cum
1158 4207 1211 4260 per
1231 4190 1270 4243 su·

264 4290 341 4326 ruam
369 4271 415 4325 vel
443 4270 616 4325 relationem
644 4269 830 4342 fidedignam,
855 4290 905 4325 scu
934 4271 1053 4326 modum
1081 4273 1173 4327 alium
1198 4273 1270 4344 legi·

226 4361 243 4383 “
265 4356 368 4411 timum
380 4356 619 4426 qualemcunque,
632 4354 761 4409 adornes
771 4355 964 4410 Visitatorum
973 4357 1023 4426 qui
1036 4374 1088 4427 pcr
1101 4356 1268 4428 Capitulum

225 4445 243 4466 ‘⁴
264 4441 381 4494 suerunt
399 4440 539 4511 deputati,
560 4458 612 4494 scu
631 4440 718 4494 ctiam
737 4439 971 4504 Prrcsidontium
992 4441 1142 4495 devenerit
1160 4441 1196 4494 dc
1214 4441 1268 4495 cri·

446 4565 548 4573 ..w-eu·
559 4565 565 4573 .
578 4565 585 4572 .
600 4565 622 4572 ,4.
635 4565 673 4571 α.-
687 4564 1018 4575 ..ψ-ῤ-ω-η---ῳ--υι
1034 4562 1263 4575 ----.—-......-..-⁴

258 4645 263 4674 ¹
277 4647 438 4693 urnraotionem
450 4645 475 4694 10
488 4645 545 4696 MS.
799 4642 809 4675 ³
820 4642 913 4694 sinlilla
924 4643 949 4694 in
962 4645 1018 4696 MS.

254 4720 264 4755 ²
273 4724 411 4789 prrniontar
422 4722 448 4772 iu
466 4721 522 4773 ils.
