3038 5452
312 697 377 760 450
688 703 793 752 onera
816 700 980 753 assarna

162 899 279 957 'rhomae
351 901 370 925 ‘⁴
389 897 529 953 Nolentes
549 915 601 969 per
613 896 702 951 verba
720 895 911 966 praeceptoria
922 894 970 948 vel
988 892 1191 966 prohibitoria,
1206 893 1238 947 in
1251 892 1361 949 Consti·

191 964 252 1016 ³⁰⁶¹
317 986 335 1010 ‘⁶
355 982 515 1038 tutioribus
527 980 732 1051 infrascriptis
750 984 894 1043 contenta,
910 995 1086 1050 quemquam
1098 977 1368 1034 conuavenientam

174 1033 269 1148 *Ἓξ
316 1072 333 1096 “
351 1068 459 1123 nostris
490 1066 718 1122 ordinationibus
742 1070 794 1119 aut
818 1063 970 1128 mandatis,
997 1063 1068 1119 dum
1100 1069 1200 1119 tamen
1222 1063 1280 1118 boe
1309 1078 1369 1117 nou

166 1168 286 1215 lua-⁹6.
317 1155 334 1183 “
352 1153 460 1208 faciant
478 1169 513 1206 ex
531 1157 706 1222 contemptu,
727 1149 844 1206 vinculo
861 1149 994 1204 mortalis
1013 1148 1145 1204 criminis
1158 1147 1282 1204 obnoxie
1300 1146 1369 1204 snb·

192 1258 258 1271 -
317 1240 335 1265 “
350 1237 458 1308 jacere,
479 1236 531 1292 sed
549 1236 687 1290 duntaxat
703 1252 805 1306 poenas
817 1234 968 1289 incurrere
988 1235 1113 1290 interius
1130 1234 1285 1298 limitatas,
1304 1238 1366 1295 sut,

319 1325 337 1348 ‘⁴
357 1323 408 1376 ubi
420 1339 513 1393 poenae
525 1321 691 1375 nullatenus
704 1325 897 1390 apponuntur,
910 1337 964 1391 per
976 1318 1107 1374 locorum
1118 1318 1267 1391 praelatoe,
1280 1322 1371 1390 prout

319 1410 337 1434 ‘⁴
357 1406 549 1471 decreverint,
577 1403 768 1476 infligendam
797 1410 828 1458 et
857 1409 891 1459 nt
917 1404 953 1458 de
983 1404 1115 1459 materiis
1149 1401 1370 1458 subscribendis

320 1494 337 1517 “
357 1490 472 1546 facilius
490 1498 623 1544 occurrat
641 1487 837 1560 quarentibus
865 1489 895 1543 id
920 1487 998 1559 quod
1015 1488 1127 1551 volunt,
1155 1487 1247 1543 talem
1272 1486 1370 1558 operis

322 1578 340 1602 “
360 1575 564 1646 subsequentis
581 1574 777 1644 praemisimus
796 1573 902 1628 seriem
919 1573 1119 1628 titulorum.-

152 1685 313 1748 Cbaptersof
358 1679 377 1704 ⁴‘
397 1675 442 1730 De
460 1675 627 1747 Augmento
646 1675 750 1730 Cultus
769 1674 878 1730 Divini.
916 1674 1101 1747 ¹Copa'tulum
1118 1673 1260 1727 Primum.

153 1749 276 1829 ²1100911·
359 1763 377 1787 “
397 1759 442 1814 De
460 1759 641 1830 negligentia
661 1759 863 1815 Praelatorum.
904 1759 1070 1831 Capitulum
1089 1757 1260 1814 Secundum.

153 1825 286 1870 mmm
359 1848 377 1873 “
397 1843 442 1899 De
461 1843 611 1899 Prioribus
630 1843 852 1900 Clauemalibus.
893 1843 1059 1914 Capitulum
1078 1842 1212 1897 'I'erla'uua

359 1930 378 1956 “
398 1927 444 1984 De
462 1929 566 1984 Priore
586 1928 783 1984 studentium.
822 1928 987 2000 Capitulum
1007 1928 1158 1994 Quantum.

360 2017 379 2042 ‘¹
399 2013 444 2070 De
455 2013 606 2069 mittendis
625 2013 662 2070 ad
682 2012 818 2068 Studium
837 2012 987 2068 Generelc.
1027 2012 1192 2086 Capitulum
1213 2010 1366 2079 Quintum.

338 2221 388 2288 De
411 2221 604 2306 Aupulculo
624 2219 741 2285 Cultus
763 2217 898 2285 Dium.
946 2219 1149 2306 Capitulum
1172 2220 1350 2289 Primum.

1344 2306 1353 2339 Ι

157 2364 199 2415 ⁰¹¹
210 2365 252 2416 ¹¹¹⁰
263 2365 300 2414 ³¹¹·
362 2386 380 2410 “
400 2383 540 2454 Praecipit
562 2383 609 2436 lex
638 2381 872 2451 natura-quod
896 2381 926 2435 in
947 2382 1082 2437 mandato
1105 2389 1166 2437 tam
1190 2382 1374 2455 novaelegis

157 2433 282 2549 Effe&
327 2470 346 2494 “
366 2485 454 2540 quam
471 2466 580 2522 veteris
608 2465 876 2529 confirmatur,-ut
893 2465 946 2520 filii
965 2466 1135 2538 parentibus
1160 2467 1301 2522 honorem
1321 2468 1375 2522 im·

157 2563 283 2630 worship,
328 2558 345 2581 ‘⁶
365 2553 500 2624 pendant,
537 2553 690 2609 ostendant
726 2553 929 2617 reverentiam,
960 2570 993 2606 ae
1027 2553 1184 2624 specialem
1218 2553 1375 2609 exhibeant

327 2641 345 2664 “
365 2638 553 2702 famulatum
583 2637 660 2701 hine,
687 2643 721 2691 ut
750 2653 811 2699 nos,
837 2643 975 2707 tanquam
1002 2637 1055 2691 filii
1084 2637 1268 2702 obedientiae,
1294 2638 1373 2709 patri

326 2724 344 2748 “
364 2728 463 2777 nostro
493 2740 527 2777 ac
557 2720 677 2792 speciali
700 2725 829 2792 patrono,
858 2721 964 2776 debitae
995 2722 1147 2777 servitutis
1171 2722 1373 2777 ministerium

326 2807 344 2831 “
365 2805 513 2876 singulare
532 2806 564 2860 in
581 2804 732 2860 cumulum
750 2824 811 2861 ausi
838 2805 935 2860 lendis
954 2805 1089 2862 devotius
1108 2805 1285 2872 offeramus3
1316 2814 1373 2863 sta·

327 2893 346 2916 ‘¹
366 2890 475 2946 tuimus
506 2889 613 2946 futuris
643 2890 823 2962 temporibus
853 2896 994 2961 perpetuo
1019 2891 1194 2947 duraturum
1218 2898 1373 2962 quatenus,

329 2979 347 3004 “
368 2978 495 3049 exceptis
507 2977 643 3033 Adventu
661 2976 788 3042 Domini,
809 2976 1066 3047 ²Quedragcsima,
1087 2984 1117 3032 et
1134 2976 1255 3033 Octavia
1273 2978 1375 3033 Festa·

159 3051 316 3128 mmm·
330 3065 348 3089 “
368 3080 445 3127 rum,
466 3062 590 3133 singulis
604 3061 782 3133 septimanis,
801 3062 827 3115 si
846 3079 903 3132 qua
922 3061 984 3115 dies
1002 3062 1158 3124 vacaverit,
1178 3061 1263 3116 Beati
1282 3061 1376 3117 Bene·

159 3123 242 3232 ἓξὲξ
256 3118 287 3167 ⁰s
331 3151 348 3174 “
369 3146 440 3202 dicti
465 3146 599 3218 specialis
627 3147 768 3200 memoria
795 3146 826 3200 iu
853 3145 947 3200 tribus
977 3145 1163 3201 Lectionibus
1188 3147 1373 3211 celebratum

159 3248 288 3301 Benefficf,
330 3233 349 3257 “
368 3230 438 3286 dum
456 3237 554 3285 tamen
571 3230 669 3284 Beatae
686 3229 831 3300 Virginis,
851 3247 884 3284 ae
908 3235 1095 3300 patronorum
1119 3231 1261 3294 locorum,
1291 3230 1376 3288 Com·

330 3318 349 3341 ⁴‘
368 3315 592 3370 memorationes
617 3314 711 3370 solitae
729 3313 932 3386 praeferantur.

159 3400 266 3462 Prayers
278 3399 317 3449 for
360 3402 378 3425 ‘⁶
392 3398 549 3461 Praeterea,
565 3399 634 3470 quia
649 3398 776 3452 nondum
788 3415 841 3468 pro
852 3398 937 3463 vivis,
947 3400 1018 3469 quin
1031 3400 1156 3471 amplius
1169 3417 1223 3471 pro
1235 3404 1246 3435 ³
1256 3401 1374 3457 defune-

160 3466 202 3516 lh⁰
214 3466 282 3516 Μ·
330 3484 348 3508 “
368 3481 416 3544 tis,
430 3499 463 3535 eo
476 3482 552 3552 quod
572 3488 653 3536 extra
665 3488 774 3536 statum
786 3483 884 3538 meriti
897 3484 1074 3547 constitutis,
1088 3502 1211 3554 precum
1223 3485 1373 3544 instantia.

328 3571 345 3593 ‘⁶
366 3565 553 3619 devotionum
575 3565 723 3637 suffragia,
743 3567 895 3636 potissime
915 3569 1122 3637 requiruntur;
1143 3569 1218 3633 ideo,
1237 3578 1272 3625 ut
1288 3569 1377 3624 faciu-

330 3654 349 3676 “
368 3666 433 3702 mus
452 3648 568 3703 assidue
593 3649 748 3720 specialem
775 3652 945 3706 memoriam
972 3653 1184 3716 defunctorum,
1209 3653 1374 3724 adjicimus,

332 3738 350 3760 “
371 3732 537 3788 ordinantes
549 3739 583 3788 ut
601 3733 661 3804 qui,
672 3733 781 3789 virtute
801 3734 1024 3791 Constitutionis
1051 3737 1121 3792 olim
1135 3737 1221 3793 editae
1234 3739 1264 3792 in
1275 3744 1377 3794 nostro

332 3822 351 3846 ‘⁶
370 3816 548 3873 Provinciali
562 3816 705 3887 capitulo,
722 3818 758 3871 ad
773 3818 869 3873 Horas
882 3821 941 3876 diei
955 3839 1057 3891 preces
1071 3822 1233 3878 omiserunt
1251 3823 1378 3893 antiqui-

332 3909 349 3931 “
369 3911 418 3958 tus
435 3901 567 3965 usitatas,
582 3899 617 3954 de
630 3907 735 3956 caetero
754 3902 784 3955 in
803 3903 927 3974 singulis
946 3904 1037 3961 Horis
1056 3907 1115 3960 diei
1134 3925 1168 3962 ao
1186 3908 1290 3971 noctis,
1303 3924 1378 3979 prte-

332 3995 349 4016 “
369 3995 502 4059 terqusm
521 3985 552 4039 in
570 3984 671 4040 Prima
689 3992 719 4040 et
737 3985 944 4058 Complatorio‚
956 3991 1040 4046 finita
1052 3989 1189 4046 Oratione
1210 3991 1375 4059 Dominica,

332 4079 351 4101 “
370 4080 436 4128 ante
455 4070 615 4127 Collectam
632 4070 759 4126 habeant
776 4071 847 4126 istas
866 4080 1024 4144 preces-⁶
1039 4076 1142 4131 Salvos
1161 4078 1206 4131 sao
1227 4095 1330 4133 servos
1349 4087 1380 4134 et

333 4163 351 4184 ‘¹
373 4155 514 4212 ‘ancillas
528 4153 657 4218 tuas‚’-‘
671 4152 794 4211 Oramus
813 4174 866 4227 pro
884 4157 1019 4214 fidelibus
1038 4159 1202 4223 defunctia’
1228 4167 1309 4216 ue-‘
1321 4162 1379 4218 Do·

333 4246 350 4268 “
373 4241 488 4297 'minus
506 4239 689 4307 vobiscum;'
707 4247 743 4314 ¹et
760 4240 803 4296 sic
820 4247 881 4297 tam
899 4261 951 4314 pre
970 4244 1046 4300 vivis
1068 4263 1156 4316 quam
1176 4263 1230 4317 pro
1250 4249 1377 4304 mortuis

359 4490 364 4520 ¹
379 4490 461 4541 These
472 4498 522 4540 two
532 4493 614 4541 words
623 4506 665 4540 arc
676 4492 789 4556 repeated
803 4491 830 4539 in
910 4496 919 4524 ²
934 4493 1124 4559 Quadrupeeime
1137 4497 1163 4547 in
1175 4498 1231 4550 MS.

331 4569 424 4630 M8.,as
431 4571 599 4635 belongiugto
606 4569 829 4635 thelntroductory
910 4573 920 4604 ³
931 4574 1035 4638 desuetis
1046 4576 1073 4625 in
1084 4575 1139 4628 MS.

331 4656 402 4712 part:
422 4663 448 4699 as
465 4649 521 4700 well
538 4664 565 4698 as
580 4649 620 4697 De
636 4649 774 4713 Auamma,
786 4658 829 4700 etc.
