3038 5452
423 667 636 719 normanna
657 668 779 721 sanan
801 667 937 719 nnana
1171 654 1216 728 27

155 855 357 934 Edwardus,
380 855 454 922 Rex
476 856 608 944 Angliae
639 856 785 935 illustris,
811 857 959 945 dirigens
988 879 1097 925 esaum
1123 879 1216 925 exer·
1235 849 1376 968 ‘Quin’

155 959 267 1024 eitum
293 960 330 1023 in
351 959 553 1040 Flandriam,
570 964 684 1026 eontra
710 960 891 1026 Dominum
918 962 1042 1048 Regem
1057 962 1213 1040 Franciae,
1260 983 1355 1048 abbat,

155 1061 409 1150 praecipitanter
433 1063 532 1149 petiit
557 1063 721 1129 auxilium
744 1063 788 1128 ab
810 1063 1034 1130 ecclesiasticis
1058 1065 1214 1150 personis,
1230 1051 1384 1170 meffioh

155 1166 348 1232 inaonsulto
363 1165 473 1252 Papa3
495 1171 530 1232 et
546 1168 623 1252 quia
638 1166 736 1232 multi
758 1166 998 1252 responderunt
1012 1167 1073 1233 hoe
1088 1166 1135 1232 eis
1149 1188 1215 1232 non
1272 1212 1340 1223 -

154 1269 269 1345 lioera,
293 1275 429 1354 propter
457 1269 657 1334 sententiam
684 1269 1030 1336 axmmmunioationis
1056 1271 1216 1335 insertam
1227 1251 1382 1386 ᾖπῶς

156 1373 197 1436 in
213 1371 305 1436 dieta
317 1370 571 1450 constitutione,
587 1377 667 1437 tune
682 1393 788 1458 nuper
802 1373 900 1452 edita,
909 1373 1004 1460 quasi
1017 1372 1216 1439 furibundus
1228 1385 1312 1463 divino

157 1474 275 1539 saisire
298 1473 377 1538 fecit
398 1474 436 1538 in
457 1495 593 1540 manum
615 1495 709 1539 snam
732 1479 802 1539 tam
817 1475 1003 1561 spiritualia
1017 1497 1117 1562 qnam
1132 1481 1215 1541 tem·
1227 1466 1340 1570 {wi

158 1577 298 1663 poralia,
328 1577 445 1642 horrea
466 1577 719 1663 sequestrand03
751 1583 786 1646 et
814 1579 953 1644 ulterius
982 1579 1148 1659 minando,
1179 1586 1371 1652 aofinallyab·

161 1679 308 1744 duritias
333 1678 581 1745 multiformiter
604 1669 761 1760 faciendo,
777 1702 831 1746 eos
855 1703 876 1748 a
900 1703 978 1768 paee
1000 1703 1060 1748 sua
1079 1682 1214 1762 dimisit,
1228 1654 1359 1785 ἓξὲξ,

163 1805 209 1847 ne
218 1781 354 1869 justitia
368 1781 457 1869 apud
472 1805 547 1847 eum
563 1784 599 1847 in
615 1782 716 1848 Curia
729 1805 791 1848 sua
813 1784 860 1848 eis
882 1784 1091 1870 aliquatenus
1112 1784 1214 1850 fieret.
1226 1799 1342 1849 Forcible

164 1885 285 1971 Itaque
310 1885 419 1950 dietus
439 1885 564 1965 Abbas,
588 1885 674 1951 siout
700 1885 799 1951 multi
825 1885 892 1965 alii,
906 1884 982 1971 plus
1008 1885 1215 1970 majestatem
1227 1866 1388 1916 ⁰¹²⁰‘fi⁰¹²⁰f

163 1993 331 2053 maenam
346 2008 446 2072 quam
469 1987 619 2052 divinam
642 1987 845 2066 formidavit,
861 1992 896 2052 et
915 1987 1066 2073 quintam
1088 1993 1216 2074 partam
1228 1934 1372 2063 pppgeysoy

164 2089 314 2155 omnium
336 2090 498 2154 bonorum
522 2090 753 2175 temporalium
776 2095 810 2155 et
833 2089 1056 2176 spiritualium
1079 2112 1137 2176 per
1159 2066 1375 2195 err-iEnds'ssfgg'f’

165 2194 352 2272 toruionam,
367 2214 426 2279 pro
447 2214 482 2257 se
496 2197 530 2258 et
554 2192 653 2258 Gelli·
675 2192 751 2270 suis,
766 2192 931 2278 exquisito
946 2193 1060 2271 colore,
1074 2193 1217 2258 contulit
1229 2199 1272 2248 the
1282 2199 1372 2275 Pope’s

165 2295 309 2360 Domino
335 2295 428 2381 Regi,
452 2318 512 2383 pro
542 2295 743 2382 protectione
773 2317 833 2359 sua
856 2292 1016 2360 habenda.
1063 2265 1355 2382 Οὴῢίῐιιιὶὺὲζζωω’

168 2407 279 2468 tanim
302 2400 555 2480 absolutionem,
577 2420 671 2485 preoa
693 2399 868 2486 pecuniam.

174 2647 345 2718 Placitum
376 2649 469 2715 inter
499 2654 726 2714 oreowrutam
762 2645 927 2713 Abboteot
959 2652 989 2712 et
1021 2644 1218 2715 Jotusaaem

256 2751 534 2829 niz-votauota,
558 2772 663 2840 super
695 2748 820 2817 ²0taa
843 2748 884 2815 de
907 2747 1086 2824 Horwode,
1117 2768 1218 2832 super

255 2854 532 2943 compositionem
552 2860 716 2920 mutuam
729 2851 891 2938 filialiter
914 2852 1150 2918 terminatam.

214 3025 299 3091 Oum
333 3024 370 3087 in
404 3028 550 3109 tempore
582 3022 679 3087 bonna
717 3021 885 3086 memorias
919 3020 1056 3084 Domini
1094 3017 1215 3102 Rogati
1232 3026 1360 3104 Composi-

179 3126 316 3192 Abbatia
347 3125 506 3212 placitum
538 3124 655 3190 fuisset
688 3124 778 3188 inter
812 3123 993 3188 Dominum
1030 3120 1053 3185 J
1056 3120 1218 3185 ohannem
1231 3096 1367 3210 &22⁶⁰

178 3227 277 3294 filium
300 3228 474 3305 Johannia,
497 3250 594 3314 super
618 3226 740 3292 Ohaaia
762 3225 803 3292 de
835 3223 1030 3299 Horawodo,
1053 3227 1088 3287 et
1110 3221 1217 3308 ipsum
1230 3227 1317 3292 Abbot

179 3331 346 3408 Abbatom,
382 3332 517 3396 tandem
540 3331 685 3417 sopitum
717 3333 768 3394 est
797 3349 856 3413 per
879 3325 1057 3411 quamdam
1091 3293 1375 3411 compo-lstpgffld

179 3432 332 3510 titionem,
355 3456 413 3520 per
435 3434 577 3498 arbitros
599 3433 678 3498 inde
700 3432 737 3496 in
759 3432 875 3518 lingua
889 3430 1039 3522 Romana
1060 3427 1376 3513 composi-Pindon,

179 3540 249 3605 tana
294 3536 375 3603 Post
383 3536 476 3623 eujus
492 3541 640 3614 mortem,
656 3534 767 3602 ³filius
783 3533 864 3622 ejus,
878 3536 915 3613 et,
928 3531 1038 3610 haeres,
1054 3529 1217 3597 Dominus
1230 3495 1349 3611 affl}

181 3637 345 3716 Ricardus,
367 3639 474 3706 multa
501 3637 694 3726 gravamina
716 3642 750 3703 et
772 3636 911 3722 injuriae
933 3634 1050 3701 intulit
1073 3631 1216 3699 Domino
1230 3628 1360 3679 ΗοΝοᾱθ·

182 3739 332 3818 Johanni,
362 3740 489 3806 Abbati
522 3739 713 3806 immediata
744 3738 941 3817 succedenti,
981 3758 1078 3824 super
1107 3734 1218 3802 abacia

180 3848 361 3909 memorata
407 3842 554 3928 Cumque
579 3842 667 3906 idem
697 3841 820 3920 Abbas,
853 3841 1045 3906 necessitate
1074 3842 1218 3926 cogente,
1231 3814 1361 3934 afim

182 3944 216 4011 de
229 3947 326 4012 boseo
340 3967 399 4011 suo
420 3945 587 4011 antedicto
602 3944 828 4010 venditionem
849 3948 884 4008 st
902 3943 1107 4009 commodum
1122 3963 1218 4006 auum
1231 3951 1340 4003 between

642 4111 925 4121 —-.-—.-..--—·-
1157 4110 1217 4115 „—

212 4204 285 4254 ¹'l'lre
314 4203 433 4252 intended
459 4201 619 4250 termination
645 4201 677 4248 of
719 4215 771 4249 was
782 4199 825 4248 the
839 4198 939 4248 brother
958 4197 1088 4262 probably,
1105 4197 1155 4244 and
1173 4203 1218 4243 not

183 4281 227 4332 llis
238 4283 316 4340 word,
334 4279 491 4330 abbreviated
503 4279 529 4328 in
546 4279 589 4329 the
604 4279 672 4339 MS,
720 4279 763 4329 the
773 4277 863 4339 father,
881 4276 911 4326 of
924 4276 1037 4326 Richard
1058 4274 1217 4336 Pia-John,

184 4359 334 4411 isdoubuul.
720 4373 747 4412 aa
758 4359 837 4420 John,
848 4358 891 4409 the
902 4357 978 4417 elder,
996 4354 1054 4405 died
1070 4354 1219 4420 apparently

210 4437 378 4491 ’malla
720 4439 805 4489 before
816 4439 859 4488 the
871 4436 980 4488 election
991 4435 1022 4486 oi
1027 4435 1114 4486 Abbot
1125 4437 1218 4502 Roger,

211 4519 222 4549 ²
233 4518 291 4569 'l'lre
301 4518 370 4569 John
377 4518 526 4577 Fila-John,
538 4516 595 4569 who
604 4518 677 4569 made
721 4518 798 4582 being
809 4516 944 4569 eueeeeded
954 4516 989 4578 by
999 4513 1039 4566 hia
1049 4531 1095 4568 aon
1106 4515 1185 4568 John.

186 4597 226 4649 the
249 4603 363 4662 namnet
386 4597 448 4647 with
471 4597 558 4648 Abbot
585 4597 678 4663 noga,
