3038 5452
422 727 630 778 nonnarum
651 728 773 779 seusu
795 730 929 783 muana
1137 717 1202 790 197

155 908 212 974 alii
234 911 381 991 confessi,
405 912 459 976 vel
481 912 583 997 quasi,
606 912 839 1000 poenitentiam
872 917 1060 980 canonicam
1091 906 1368 983 subieRl⁰¹¹⁸¹ffi2

155 1019 253 1094 runt3
276 1036 377 1098 quam
391 1019 513 1092 tamen,
534 1015 615 1081 satis
630 1016 893 1096 misericorditer,
908 1018 1069 1085 Dominus
1084 1019 1199 1087 Abbos
1242 976 1338 1104 iistis,

156 1122 230 1202 post
264 1122 394 1202 tempus
425 1118 595 1204 paulatim,
624 1124 658 1183 et
693 1141 767 1184 oum
802 1119 946 1206 quodam
967 1122 1197 1202 moderamine,
1228 1106 1350 1226 132355·

156 1218 327 1284 relaxavit
372 1220 441 1286 Alii
463 1225 584 1297 autem,
608 1220 649 1286 de
671 1221 874 1308 proprietate
896 1223 1095 1301 denunciati,
1118 1225 1198 1291 satis
1254 1272 1320 1285 ..-

157 1321 410 1388 misericorditer
432 1330 510 1388 sunt
533 1322 677 1389 correcti.
1208 1307 1351 1375 ofholuing

200 1423 288 1504 Quia
309 1447 388 1490 vero
411 1425 451 1489 de
474 1425 701 1491 inobedientia
722 1426 832 1512 plures
855 1433 949 1492 erant
971 1426 1030 1493 illo
1052 1433 1199 1515 tempore
1209 1383 1329 1506 iiii?
1329 1412 1336 1426 ⁸

157 1527 299 1592 accusati
321 1549 380 1614 per
404 1528 478 1592 illos
500 1529 558 1614 qui
589 1532 756 1594 steterunt
786 1550 860 1594 oum
882 1529 1023 1608 Abbate,
1045 1531 1082 1596 in
1104 1553 1201 1596 causa
1212 1521 1324 1638 Riphaeo

157 1629 320 1694 tumultus
342 1636 458 1695 contra
480 1651 555 1694 eum
578 1631 721 1710 excitati,
737 1631 963 1719 principaliter
977 1655 1035 1720 per
1049 1633 1201 1700 Fratrem
1213 1602 1365 1733 ‘aiamim

158 1731 332 1797 Ricardum
356 1732 397 1798 de
420 1735 546 1819 Trenge
575 1738 610 1799 et
631 1734 713 1799 alios
730 1734 879 1820 juvenes,
905 1736 1039 1822 (quibus
1062 1742 1097 1803 et
1130 1738 1200 1825 ipse
1212 1720 1364 1838 ἔξω

158 1833 280 1913 Abbas,
320 1836 429 1902 adhuc
466 1837 598 1923 privata
635 1859 784 1923 persona,
811 1838 1062 1924 consentiebat)
1093 1840 1200 1926 magis
1211 1804 1354 1905 mdoilbs

157 1936 275 2001 affectu
296 1938 427 2003 illarum
450 1961 671 2026 personarum,
688 1940 745 2026 qui
769 1943 885 2005 contra
911 1962 1008 2005 suum
1031 1942 1200 2007 Abbatem
1211 1920 1356 2050 ffigerm

158 2042 329 2119 steterunt,
353 2063 453 2127 quam
475 2063 516 2106 ex
538 2043 679 2107 veritate
695 2041 831 2127 alicujus
854 2047 950 2108 certae
972 2063 1077 2110 causae
1100 2051 1336 2130 quambrethren.

158 2141 255 2207 scivit
270 2148 329 2208 aut
351 2143 447 2208 novit
461 2150 576 2209 contra
591 2145 699 2231 ipsum
720 2144 887 2210 Abbatem
902 2147 1113 2233 praetendere,
1130 2146 1199 2232 ipse
1211 2117 1342 2233 fflfe

158 2243 272 2309 Abbas
294 2244 466 2311 nitebatur
499 2252 534 2311 et
556 2246 743 2312 satisfacere
766 2247 836 2312 zelo
867 2247 1000 2312 illorum
1022 2248 1080 2334 qui
1112 2250 1200 2336 ipsos
1211 2251 1303 2300 tumus

158 2346 362 2423 accusabant,
385 2353 419 2412 et
441 2347 514 2413 illos
536 2371 557 2411 a
579 2349 714 2413 crimine
736 2348 969 2415 inobedientia
991 2349 1166 2416 defensare.
1210 2324 1309 2434 ξφ

202 2449 273 2513 Alii
295 2455 414 2527 autem,
430 2451 470 2514 de
493 2451 680 2535 symoniaco
695 2451 843 2537 ingressu
866 2473 1015 2538 expresse
1034 2453 1151 2531 notati,
1166 2457 1201 2519 et
1212 2466 1369 2519 Somemem·

159 2576 267 2620 coram
289 2555 423 2621 Abbate
445 2556 590 2633 confessi,
612 2557 669 2621 sed
693 2556 778 2642 juris
806 2557 1030 2644 ignorantiam
1059 2534 1349 2652 praeten-ffifff’oe'ghss

160 2657 283 2736 dentes,
306 2664 500 2744 receperunt
540 2658 688 2723 inducias
723 2659 862 2723 duorum
899 2658 1070 2742 mensium,
1104 2666 1201 2726 extra
1212 2667 1306 2733 having
1314 2668 1359 2718 ob·

160 2758 294 2824 chorum
316 2762 472 2846 suspensi,
487 2761 576 2846 quod
598 2760 626 2825 si
648 2782 706 2847 per
721 2783 755 2826 se
776 2761 831 2826 vel
852 2782 911 2848 per
926 2761 1045 2827 amicos
1067 2769 1201 2849 possent
1212 2735 1338 2850 ffipd
1337 2760 1348 2770 ⁵

159 2861 256 2925 aliam
278 2862 469 2949 religionem
493 2863 699 2950 ingrediendi
719 2863 861 2949 gratiam
882 2863 1040 2942 invenire,
1062 2865 1200 2953 diligen·
1213 2865 1320 2945 turnugh

159 2964 242 3028 tiam
264 2970 467 3050 apponerent
490 2987 731 3052 usquequaque,
749 2969 784 3030 et
804 2965 873 3051 ipse
896 2965 1011 3031 Abbas
1033 2966 1080 3031 eis
1101 2967 1200 3033 licen·
1213 2946 1367 3062 ffiffffiss

160 3067 242 3130 tiam
266 3067 360 3132 daret
382 3068 504 3147 eundi3
530 3068 676 3154 alioquin
697 3067 784 3153 ipsos
806 3071 973 3153 perpetuae
995 3064 1356 3154 poenioentiaetheAbbot

155 3167 340 3253 judicarent
370 3169 579 3234 damnandos.
625 3169 803 3233 Transacto
832 3168 936 3255 igitur
969 3173 1113 3256 tempore
1143 3131 1369 3248 hocttpqptqpthr

143 3270 310 3350 'bimensi,
338 3278 500 3337 venerunt
531 3271 686 3336 flebiliter
715 3271 758 3335 ad
789 3270 964 3351 Abbatem,
996 3271 1139 3338 dicentes
1169 3263 1361 3342 se⁸⁰¹3¹9⁰¹¹¹e¹

159 3394 227 3438 non
248 3395 341 3460 posse
364 3373 487 3438 alicubi
520 3373 721 3476 religionem
736 3377 887 3458 mutare,
914 3394 1014 3457 quare
1044 3374 1204 3461 petebant
1215 3331 1334 3450 gpdgpus

159 3476 412 3541 misericordiam
435 3475 507 3552 Dei,
530 3482 564 3540 et
586 3498 686 3554 suam,

203 3577 316 3642 Abbas
339 3576 453 3663 igitur,
468 3583 646 3643 convocato
662 3577 817 3664 Capitulo
839 3578 875 3642 in
891 3599 950 3642 sua
967 3577 1109 3666 Capella,
1126 3580 1204 3666 quia
1216 3597 1296 3648 Thea
1306 3611 1361 3661 per·

160 3701 227 3765 prae
250 3680 445 3765 aegritudine
468 3681 574 3745 locum
596 3686 787 3746 consuetum
810 3679 958 3765 Capituli
979 3681 1107 3768 ingredi
1136 3705 1204 3748 non
1215 3671 1373 3794 {ffifflg

162 3780 306 3860 valebat,
329 3781 495 3846 assidente
518 3781 639 3860 Priore,
654 3787 689 3846 et
718 3782 861 3860 senibus,
882 3781 959 3846 fecit
981 3782 1055 3848 illos
1076 3784 1338 3881 publicetone.¹

163 3881 282 3947 Ordini
313 3884 525 3964 renunciare;
559 3890 593 3948 ct
627 3905 750 3949 exuens
782 3907 837 3950 eos
870 3884 967 3949 rebus
1004 3862 1370 3990 Monoster‘2fflfissgff'

161 3983 288 4050 dimisit
310 4006 364 4050 cos
386 4007 540 4064 seorsum,
564 4007 675 4071 usque,
699 3985 815 4050 habito
837 3985 971 4050 consilio
1000 4008 1074 4052 cum
1097 3985 1342 4051 fratri-aramme

161 4087 232 4166 bus,
253 4092 411 4152 tractaret
433 4087 514 4173 quid
535 4093 668 4153 acturus
691 4092 776 4153 esset
799 4108 873 4152 cum
895 4086 968 4152 illis.
1219 4059 1364 4176 fflfflew

1218 4191 1362 4254 theOrder;

1217 4256 1281 4309 their
1291 4273 1347 4309 case

1217 4332 1244 4375 to
1254 4326 1286 4375 be
1296 4325 1372 4391 again

1215 4391 1372 4447 considered.
