3038 5452
429 727 638 778 uounsrsuu
661 729 782 778 sineri
805 729 940 777 ansam.
1164 717 1207 777 85

160 913 257 978 batur
280 914 372 979 exire
394 936 467 978 cum
490 913 600 1000 aliquo
624 936 707 1000 equo
734 935 792 1000 per
814 920 925 998 portas
949 913 1118 978 Prioratus
1149 935 1207 999 pro
1229 925 1368 986 Johnlv,

156 1015 270 1102 aliquo
294 1019 427 1103 negotio
451 1016 601 1082 ecclesiae.
1250 992 1351 1120 iiiiii,

203 1120 332 1199 Postea,
355 1120 407 1185 die
434 1120 551 1206 quinto
576 1116 712 1184 ¹Murtii
742 1123 907 1205 sequente,
931 1118 1023 1183 venit
1047 1119 1209 1211 Dominus
1266 1125 1336 1175 Ad).

159 1220 210 1286 W.
226 1222 265 1287 de
283 1221 472 1298 Karletone,
495 1221 584 1308 apud
601 1221 869 1307 Wymundham3
891 1227 926 1285 et
947 1220 1075 1285 remisit
1097 1241 1209 1285 omnes
1249 1198 1353 1297 ¹³„⁰²‡⁸’

159 1323 383 1390 districtiones
406 1347 465 1411 pro
496 1323 640 1389 exitibus
663 1324 764 1388 medii
798 1323 964 1409 temporis,
988 1344 1156 1408 quousque
1180 1328 1210 1389 et
1224 1326 1260 1376 At
1271 1325 1313 1376 the

158 1432 302 1503 coetcra,·
325 1427 499 1514 assignatis
522 1427 554 1491 J.
571 1427 612 1491 de
627 1425 756 1512 Oluoya
771 1431 806 1491 et
828 1424 1001 1511 Radulpho
1025 1426 1065 1490 de
1089 1425 1210 1490 Saham
1222 1393 1354 1510 mppr

159 1525 316 1606 ²clericis,
350 1530 483 1595 nomine
526 1529 728 1608 Conventus,
758 1528 856 1595 simul
894 1550 968 1594 cum
1007 1529 1142 1594 Andrea
1181 1529 1209 1593 le
1222 1533 1317 1587 venna

160 1630 296 1708 Cursori,
330 1632 373 1695 ad
405 1630 586 1696 videndum
624 1636 659 1696 ct
696 1632 955 1696 conservandum
985 1631 1095 1696 omnia
1124 1600 1365 1737 bonaffiqrgu

161 1732 335 1811 Prioratus,
360 1755 419 1819 per
440 1733 551 1797 omnia
573 1734 739 1813 maneria3
763 1735 812 1798 ita
827 1733 914 1818 quod
930 1732 1014 1798 nihii
1029 1733 1105 1799 inde
1120 1757 1209 1799 amo·
1222 1733 1292 1842 ¹⁰⁶3*
1301 1740 1324 1775 ¹⁸

158 1843 275 1900 veatur
291 1836 345 1900 vel
359 1836 567 1921 percipiatur,
583 1841 801 1920 praeterquam
817 1857 876 1922 pro
891 1835 1096 1900 exhibitione
1121 1835 1209 1902 Con·
1222 1808 1262 1844 m
1281 1807 1319 1897 e..

160 1944 279 2002 ventus
293 1944 329 2002 et
344 1938 483 2003 fauriliae.
523 1938 567 2002 Et
581 1937 669 2001 dixit
683 1960 716 2002 se
732 1937 815 2002 velle
830 1959 980 2002 amovere
997 1937 1209 2003 Cellerarium

160 2038 202 2103 ob
224 2040 399 2126 quamdam
422 2041 665 2126 suggestionem
688 2062 754 2104 non
776 2039 962 2118 veridicam,
980 2042 1018 2105 ut
1041 2061 1099 2125 pro
1122 2047 1210 2107 certo

159 2141 323 2221 creditum
352 2150 387 2206 et
415 2144 513 2206 etiam
537 2142 617 2206 alios
640 2141 681 2205 de
703 2141 836 2218 familia,
860 2143 917 2227 qni
940 2141 1095 2227 superflui
1118 2143 1210 2208 vidc-

161 2246 282 2312 bantm·
294 2247 405 2311 :-sed
420 2247 551 2333 rogavit
562 2247 752 2312 Conventus
768 2268 809 2311 ne
826 2245 908 2310 talia
922 2251 1066 2332 tempore
1081 2249 1209 2313 seisinae

160 2348 295 2413 Domini
312 2349 410 2436 Regis
432 2349 559 2425 fierent,
582 2371 655 2435 quae
678 2370 841 2434 nusquam
865 2349 957 2435 prius
979 2350 1053 2416 fieri
1076 2372 1208 2417 consue-

160 2458 290 2529 verunt,
324 2453 359 2515 in
382 2452 609 2538 praejudicium
642 2452 791 2518 Ecclesiae
815 2457 850 2517 et
872 2452 1048 2531 Prioratusr,
1073 2461 1107 2519 et
1130 2455 1209 2519 elee-

160 2576 305 2641 mosynae
337 2555 509 2633 laesionem,
538 2561 572 2620 et
602 2578 675 2641 quse
705 2561 839 2641 possent
869 2556 904 2621 in
939 2558 1209 2623 consuetudinem

159 2657 271 2722 cedere
315 2662 513 2743 perpetuam,
560 2657 760 2743 apporiando
803 2659 933 2724 haeredi.
995 2660 1100 2747 Super
1136 2661 1208 2740 hiis,

159 2761 253 2826 cessit
285 2760 493 2846 dispositioni
517 2760 715 2847 Supprioris,
733 2761 911 2839 Cellerarii,
935 2768 968 2827 et
1007 2762 1208 2843 Conventus,

159 2884 342 2950 proponens
375 2868 488 2926 tamen
517 2862 622 2927 facere
651 2864 757 2928 teneri
786 2862 891 2928 curias
920 2886 977 2950 per
1009 2866 1119 2930 omnia
1141 2888 1211 2930 rna-

160 2966 261 3041 neria,
279 2971 390 3029 tamen
405 2964 527 3050 absque
542 2966 608 3029 fine
631 2965 770 3030 levando
785 2967 828 3030 ad
844 2988 924 3052 opus
947 2967 1082 3031 Domini
1100 2968 1208 3055 Regis,

160 3089 328 3156 quousque
351 3072 381 3132 et
403 3073 527 3133 coetera.

203 3172 299 3250 Item,
323 3170 377 3234 die
400 3170 535 3234 Veneris
556 3171 706 3256 proxima
728 3176 804 3256 post
826 3170 960 3235 Festum
991 3173 1103 3239 Sancti
1127 3174 1331 3241 Vin-The&-

160 3275 258 3340 oentii
283 3273 449 3358 Martyris,
474 3273 552 3336 fecit
574 3274 751 3359 praedictus
782 3273 937 3339 Escaetor
968 3276 1089 3341 iterum
1119 3300 1206 3342 sum·
1220 3249 1374 3313 chunsby

1219 3314 1376 3367 certainmeu

161 3377 283 3443 moneri
308 3376 431 3441 curiam
455 3376 614 3441 antedicti
646 3376 769 3440 Prioris
799 3398 907 3441 coram
931 3400 969 3442 eo
992 3378 1028 3442 in
1052 3379 1301 3447 prioratuum

162 3481 199 3545 de
236 3478 493 3565 Wymundhani,
533 3484 567 3543 et
604 3478 662 3562 qui
700 3501 767 3544 nou
801 3485 971 3557 venerunt,
1007 3451 1374 3580 amerciavit.{lt¹ffi{„0

163 3582 287 3648 Deinde
310 3581 421 3666 posuit
443 3603 561 3644 novom
585 3580 733 3645 homines
748 3581 791 3645 ad
806 3588 1047 3648 sacramentum
1063 3585 1103 3651 de
1119 3586 1206 3651 dicto
1219 3585 1375 3649 ¹⁰Wm0¹²05

162 3685 321 3771 homagio,
345 3684 386 3747 ad
409 3683 588 3748 levandum
611 3683 756 3768 quinque
780 3706 905 3749 marcas
928 3688 1102 3773 argentide
1137 3710 1205 3753 om·
1219 3648 1364 3768 iffiffigi.

162 3788 256 3853 nibus
278 3786 459 3852 subboscis
490 3807 547 3871 per
569 3785 679 3849 omnia
702 3788 848 3850 maneria
871 3787 998 3853 Prioris.
1058 3790 1102 3853 Et
1124 3785 1297 3876 prae-'¹⁰⁰‘L

163 3890 240 3955 dicti
267 3889 383 3974 jurati,
416 3893 548 3973 propter
580 3888 834 3953 destructionem
868 3910 1047 3968 nemorum,
1083 3891 1206 3958 dictam

163 4015 320 4058 summam
351 3990 518 4076 ³pecuniae
559 3990 692 4054 minime
729 3990 839 4056 levare
871 3998 1053 4076 potuerunt
1084 3995 1206 4079 absque

163 4105 253 4162 vasto
276 4100 311 4159 et
333 4093 453 4158 damno
475 4092 600 4157 domini
624 4093 682 4156 sui.
741 4093 903 4158 Dominus
925 4095 956 4160 J.
971 4096 1012 4159 de
1036 4095 1151 4161 Olneia
1173 4105 1209 4163 et

163 4199 192 4265 J.
224 4197 358 4263 Burtoft
392 4197 557 4262 Escaetori
587 4197 823 4283 responderimt
853 4197 893 4262 de
923 4198 1068 4284 quinque
1091 4199 1207 4264 marcis

163 4300 413 4387 prenominatis,
447 4304 712 4386 manuceperunt,
735 4321 794 4365 nec
816 4300 996 4366 remedium
1024 4308 1053 4368 ct
1079 4307 1205 4370 caeterc.

246 4478 445 4487 ,-..-.-.—.—.
467 4477 593 4484 ——..—.
615 4478 651 4483 ι...
882 4480 886 4485 .
919 4481 924 4485 .
980 4481 1002 4486 .-
1013 4481 1202 4491 --.—-——.-.

196 4580 310 4634 ¹Murtis
321 4582 345 4632 in
358 4583 415 4634 MS.
740 4580 979 4646 ³peccunninns

195 4664 314 4715 'etnicos
324 4662 424 4724 iniis,
435 4663 469 4727 by
480 4661 661 4714 inadvcrteuee.
