3038 5452
546 683 722 734 srrsunrx
747 670 807 755 (a.)
1131 670 1196 735 493

160 875 178 898 “
199 868 280 931 dere,
308 869 475 927 ordinamus
509 871 701 934 stratumne,
728 889 762 926 ac
788 871 830 925 sic
857 869 989 924 sufficere
1017 874 1196 941 reputamus,

156 959 176 981 “
197 953 275 1024 quod
302 953 424 1009 cuilibet
451 955 535 1009 fratri
561 956 705 1012 sacerdoti
733 955 884 1009 annuatim
901 952 1029 1007 adduas
1055 954 1124 1008 anui
1142 961 1199 1008 ter·

155 1042 175 1064 ‘⁶
195 1037 298 1100 minos,
317 1035 464 1101 videlicet,
491 1037 629 1094 Omnium
655 1038 828 1093 Sanctorum
854 1043 884 1091 et
908 1036 1105 1101 Pentecosten,
1125 1043 1201 1091 tras·

156 1125 176 1149 ‘⁴
196 1120 293 1176 decim
331 1119 417 1177 solidi
447 1129 478 1177 et
507 1128 632 1194 quatuor
668 1122 780 1178 denarii
809 1121 973 1192 aequalibus
1009 1121 1193 1193 portionibus

155 1207 175 1230 ‘⁴
196 1203 390 1260 exsolvantur.
427 1204 572 1260 Volumus
584 1212 682 1260 tamen
694 1205 772 1277 quod
790 1204 944 1273 Magister,
959 1221 1048 1275 quem
1062 1203 1198 1259 convenit

155 1291 316 1358 “propter
354 1306 423 1344 suos
459 1288 574 1344 labores
616 1289 788 1360 prolixiores
818 1288 1010 1359 amplioribus
1041 1287 1196 1358 stipendiis

154 1373 175 1396 ‘⁶
194 1371 356 1440 praemiare,
376 1388 430 1442 pro
447 1372 607 1442 promissis
625 1371 698 1426 duas
722 1389 836 1426 marcas
854 1370 980 1441 argenti,
1000 1370 1038 1426 ad
1056 1369 1197 1425 terminos

155 1455 177 1480 “
195 1454 366 1520 antedictos,
379 1456 525 1528 percipiat
542 1456 702 1512 annuatim.

389 1667 438 1733 Dc
464 1665 705 1734 cohabitatione
730 1667 958 1735 Sacerdotem.

193 1850 212 1873 “
232 1845 455 1901 Considerantes
480 1845 557 1916 quod
574 1847 606 1900 in
624 1846 702 1902 dicto
721 1845 858 1917 hospitali
877 1847 936 1901 sint
947 1847 1094 1902 distinctae
1113 1846 1194 1901 habi-

157 1933 176 1956 “
197 1929 329 1993 tationes,
361 1936 543 1993 constructa,
576 1948 641 2000 quae
666 1936 814 1999 nequeunt
852 1930 961 2001 absque
998 1929 1137 2000 Magistri
1169 1938 1199 1984 et

157 2017 176 2039 ‘⁶
198 2013 321 2067 fratrum
334 2009 512 2084 [gravibus],
527 2018 557 2067 et
569 2031 622 2084 pro
634 2031 711 2068 nunc
722 2013 966 2085 importabilibus,
981 2013 1146 2084 sumptibus
1160 2015 1197 2068 ad

157 2100 177 2123 “
197 2096 337 2151 unitatem
349 2097 460 2161 reduci,
473 2097 610 2152 volumus
623 2103 653 2152 et
665 2095 877 2160 statuimus‚·ut
890 2114 976 2151 unam
987 2096 1198 2152 habitationem

158 2183 177 2207 ‘⁸
197 2179 364 2235 distinctam
381 2180 440 2234 duo
466 2179 630 2234 inhabitent
647 2179 833 2245 sacerdotes3
854 2181 908 2235 sub
930 2199 1045 2253 unoque
1073 2187 1150 2236 tecto
1169 2191 1199 2236 et

158 2267 177 2290 ‘⁶
197 2263 228 2317 in
246 2281 360 2318 camera
376 2281 444 2328 una,
464 2263 555 2319 donec
573 2264 623 2319 fiat
641 2283 699 2318 una
716 2283 840 2328 camara,
861 2283 926 2336 quae
949 2283 1002 2335 pro
1029 2264 1198 2320 dormitorio

159 2350 177 2373 ‘⁶
198 2346 323 2401 sufficiat
340 2344 484 2410 omnibus,
504 2345 650 2402 dormiant
667 2352 697 2401 et
715 2347 881 2416 quiescant:
902 2365 936 2401 ao
954 2347 984 2400 in
1003 2346 1069 2400 aula
1087 2347 1199 2401 habita·

158 2432 177 2455 ‘⁶
197 2429 285 2483 tionis
302 2428 440 2500 Magistri
458 2429 499 2483 sit
516 2446 631 2500 semper
658 2430 845 2484 refectorium
872 2431 1072 2494 sacerdotum
1098 2431 1197 2502 ibique

158 2515 176 2538 ‘⁶
197 2529 296 2568 omnes
314 2511 467 2567 comedant
483 2513 515 2566 in
533 2513 688 2575 communi,
708 2513 765 2568 nisi
784 2511 876 2585 aliqui
900 2531 1000 2568 eorum
1019 2514 1196 2577 infirmitate,

157 2599 175 2623 ‘¹
196 2595 243 2652 vel
255 2596 312 2651 alia
321 2613 409 2651 causa
419 2595 563 2667 legitima,
577 2596 687 2652 fuerint
698 2595 841 2667 impediti.
874 2597 994 2668 Absque
1006 2615 1156 2652 murmure
1169 2603 1199 2654 et

157 2683 176 2707 “
196 2678 373 2736 detractione
386 2679 491 2735 fratres
511 2678 675 2734 sacerdotes
693 2681 790 2751 quiete
803 2686 833 2734 et
844 2681 962 2751 pacifice
974 2689 1196 2747 conversentur;

158 2765 177 2790 ¹‘
196 2762 340 2834 Magister
358 2779 437 2828 vero,
459 2763 509 2834 qui
528 2763 639 2819 ratione
658 2762 743 2819 officii
763 2763 809 2817 eui
827 2764 906 2819 circa
929 2764 1012 2818 varia
1029 2772 1196 2837 occupatur,

157 2849 177 2874 “
197 2854 227 2902 et
243 2846 332 2902 habet
349 2844 385 2901 de
405 2846 467 2901 suis
485 2846 646 2902 ratiociniis
665 2845 809 2912 ordinare,
829 2847 973 2902 inhabitet
991 2853 1021 2902 et
1038 2848 1144 2904 habeat
1161 2849 1197 2903 ab

157 2932 177 2957 ‘⁴
197 2930 263 2985 aliis
282 2930 477 2985 confratribus
495 2948 640 2985 cameram
659 2937 839 3003 separatam
865 2933 983 3002 proviso
1000 2938 1107 2996 tamen,
1122 2935 1200 3004 quod

157 3019 176 3042 ‘⁶
197 3013 227 3068 iu
245 3013 371 3086 bospitio
389 3032 442 3068 suo
461 3014 580 3069 fratrem
600 3032 699 3070 secum
716 3015 822 3070 babeat
839 3022 1072 3070 commorantem.

444 3202 448 3210 ’
508 3207 556 3272 Dc
582 3207 710 3272 Diuico
739 3205 858 3292 Officio.

194 3359 213 3382 “
234 3355 365 3428 Singulis
384 3356 487 3411 diebus
506 3356 537 3410 in
555 3373 661 3410 aurora
682 3355 817 3425 pulsetur
835 3354 960 3426 spatiose
979 3372 1135 3426 campana;
1162 3352 1199 3408 ad

158 3443 177 3466 ‘⁶
197 3441 280 3510 cnjus
298 3441 493 3512 pulsationem
512 3447 636 3510 surgant
654 3457 753 3493 omnes
781 3440 886 3494 fratres
915 3439 1089 3502 sacerdotes,
1110 3445 1140 3493 et
1162 3437 1200 3492 ad

155 3527 175 3551 “
196 3524 349 3579 ecclesiam
378 3529 492 3579 mature
519 3522 686 3595 procedant.
725 3523 858 3594 Cumque
877 3521 984 3577 ibidem
1015 3523 1046 3577 in
1071 3522 1200 3577 cancello

157 3610 180 3634 “
197 3607 306 3662 fuerint
322 3608 507 3679 congregati,
537 3607 661 3678 incipiat
684 3605 927 3662 hebdomadarius
944 3605 1119 3662 Matutinale
1140 3607 1198 3661 offi-

159 3693 178 3716 “
198 3691 294 3756 cium3
314 3689 446 3754 etillud,
465 3708 609 3745 unacum
631 3689 739 3754 Prima,
759 3690 868 3754 Tertia,
888 3697 918 3745 et
937 3690 1033 3755 Sexta,
1054 3691 1199 3747 submissa

158 3775 177 3800 “
197 3791 266 3828 voce
285 3774 422 3828 distincte
440 3773 564 3839 edicant,
584 3780 614 3829 et
638 3784 756 3846 aperte;
782 3791 894 3829 necnon
911 3775 962 3829 ’et
979 3774 1091 3829 devote.
1131 3772 1200 3841 Qui-

159 3860 178 3883 “
197 3856 251 3912 bus
275 3857 437 3928 completis,
466 3857 545 3912 dicat
570 3858 660 3913 frater
678 3877 764 3922 unua,
791 3858 841 3929 qui
858 3857 896 3912 ad
913 3858 967 3913 hoc
992 3858 1081 3912 fuerit
1107 3857 1200 3928 assig-

159 3943 177 3967 '‘
196 3946 289 4005 natus,
317 3940 439 3995 Missam
463 3939 499 3994 de
526 3940 703 3996 Beatissima
728 3942 824 3997 Maria
849 3941 997 4011 Virgine,³
1024 3958 1081 4010 qua
1107 3939 1198 4005 finita,

158 4027 177 4051 “
197 4034 320 4096 pausent
338 4025 443 4079 fratres
468 4023 634 4079 sacerdotes
652 4026 690 4079 ad
713 4031 839 4097 tempus,
860 4031 894 4079 ut
912 4024 1087 4095 Capelianus
1106 4023 1200 4092 lepro-

159 4111 178 4134 “
198 4126 296 4164 sorum
321 4108 432 4163 eisdem
456 4108 554 4162 Horas
585 4106 745 4163 Canonicas
771 4116 800 4163 et
826 4108 950 4163 Missam
974 4107 1071 4162 dicere
1095 4106 1201 4170 valeat,

159 4195 179 4219 “
197 4204 284 4264 prout
308 4192 445 4263 superius
464 4199 511 4246 est
527 4207 707 4262 expressum,
728 4197 758 4246 et
775 4199 888 4246 artatur
906 4190 997 4245 etiam
1016 4189 1052 4245 ab
1070 4191 1198 4261 antiquo.

158 4280 176 4305 “
195 4276 287 4332 Horis
298 4294 369 4332 vero
383 4275 546 4339 (lenonicia,
560 4280 590 4329 et
601 4273 697 4329 Missa
706 4291 759 4345 pro
772 4275 912 4330 fratribus
931 4274 1113 4346 leprosorum
1125 4291 1201 4330 com-

754 4419 1197 4429 ——--—--—-----.—--—-

188 4507 195 4538 ¹
208 4505 320 4557 Omitted
331 4506 356 4555 in
367 4504 424 4554 MS.
433 4503 550 4555 Claudius
562 4502 589 4554 ll.
602 4505 645 4561 iva
722 4500 732 4532 ²
745 4503 815 4550 etium
828 4509 850 4550 et
863 4502 890 4550 in
901 4502 957 4553 MS.
975 4503 1041 4553 Nero
1052 4504 1084 4555 D.
1096 4503 1113 4554 i.

154 4586 269 4650 supplied
280 4586 343 4634 from
356 4584 411 4633 MS.
420 4583 488 4633 Nero
499 4582 530 4631 D.
539 4583 556 4634 i.
721 4580 845 4646 ³9lorioao
856 4601 864 4636 ς
881 4599 940 4646 qao,
957 4583 983 4631 in
995 4583 1052 4633 MS.
1063 4583 1132 4635 Nero
1143 4587 1174 4639 D.
1186 4587 1202 4635 i.
