3038 5452
554 726 730 778 maurum
755 712 816 798 (a)
1142 709 1208 783 477

192 942 243 1009 Dc
261 938 385 1028 fornia
408 940 727 1007 recommunicaadi
749 946 779 1007 et
805 938 959 1018 testandi,
984 946 1014 1006 ct
1039 938 1186 1007 dream

598 1041 773 1108 anabadi.

198 1174 219 1197 ‘⁴
231 1170 403 1226 Inhibemus
421 1171 511 1226 stiam
527 1189 564 1225 ue
577 1171 885 1226 excommunicationis
898 1169 1042 1225 sententia
1060 1169 1091 1224 in
1102 1187 1209 1241 genere

157 1258 180 1282 ·‘
200 1271 259 1325 pro
276 1253 390 1309 damnis
408 1254 455 1309 vel
473 1254 591 1326 injuriis
609 1255 789 1324 proseratur,
810 1254 944 1324 quotiens
969 1253 1081 1309 dinosci
1104 1254 1212 1325 poterit

157 1342 179 1365 ‘⁴
204 1336 273 1408 quis
303 1335 444 1393 maerens
474 1355 562 1408 quom
592 1336 699 1392 habeat
722 1338 876 1393 actionem.
921 1338 1078 1403 Prasterea‚
1112 1338 1213 1393 nullus

156 1427 179 1451 “
203 1423 311 1478 Rector
327 1428 379 1478 eut
390 1421 527 1478 Vicurius
546 1421 673 1477 decimas
693 1421 820 1477 vendere
837 1428 996 1494 praesumat
1013 1428 1079 1479 ante
1096 1428 1212 1494 tempus
1285 1484 1288 1490 ,

154 1515 179 1535 ··
202 1523 264 1579 quo
289 1522 324 1560 ex
354 1506 494 1561 beneficio
521 1506 740 1562 consuetudinis
767 1507 804 1561 do
831 1507 891 1563 illis
921 1506 1049 1565 testandi
1076 1506 1213 1562 habuerit

155 1594 180 1618 ‘⁶
202 1589 393 1655 facultatem,
413 1589 466 1645 sed
483 1607 537 1645 uec
559 1589 652 1653 luicis,
672 1590 763 1646 donec
782 1591 893 1646 fuerint
911 1608 930 1646 a
946 1608 1052 1646 novem
1078 1591 1211 1662 partibus

155 1680 179 1704 ‘⁴
203 1679 355 1746 separatae.

228 1893 277 1958 De
298 1891 532 1960 Sacerdotibus
554 1915 621 1978 pro
643 1893 912 1979 remissionibus
937 1893 1145 1959 sternacem

578 1994 795 2081 ‹tepatoudia

197 2129 376 2185 “Volumus
394 2131 514 2202 insuper
533 2130 613 2201 quod
630 2135 756 2201 quatuor
781 2129 953 2184 Sacerdotes
971 2129 1127 2199 eligantur,
1151 2129 1211 2200 qui,

154 2217 179 2241 ‘⁸
202 2213 336 2268 moribus
363 2219 394 2269 et
421 2213 544 2270 scientia
575 2214 700 2285 praediti,
730 2213 861 2268 omnium
885 2211 1077 2268 Sacerdotem
1105 2217 1212 2268 nostrae

156 2300 181 2324 “
198 2296 431 2368 jurisdictionis,
460 2314 494 2352 ac
513 2297 695 2352 clericorum
721 2298 751 2351 in
777 2296 868 2352 sacris
896 2296 1046 2351 ordinibus
1073 2296 1212 2351 constitu·

154 2385 179 2409 '¹
201 2387 310 2445 torum,
327 2379 448 2436 audiant
459 2381 674 2438 confessiones:
695 2382 802 2452 quibus
818 2380 1024 2436 Sacerdotibus
1042 2386 1072 2435 et
1089 2380 1213 2435 clericis

156 2470 179 2493 “
203 2464 350 2528 districte,
371 2465 450 2520 etin
467 2466 578 2521 virtute
596 2465 779 2531 obedientie,
793 2465 990 2537 precipimus,
1005 2463 1082 2535 quod
1100 2464 1211 2519 eisdam

157 2555 179 2577 “
205 2549 423 2612 Sacerdotibus,
443 2549 492 2604 vel
510 2550 614 2605 saltem
633 2550 722 2605 alicui
741 2567 852 2614 eorum,
873 2567 948 2620 quos
966 2549 1004 2604 ad
1017 2550 1211 2605 confessiones

157 2638 180 2662 ‘⁴
202 2633 363 2688 audiendas
389 2633 638 2704 deputaverimus,
658 2634 762 2689 saltem
787 2633 833 2688 bis
858 2635 888 2688 in
909 2652 984 2688 anuo
1003 2634 1210 2699 confiteantur;

159 2718 182 2743 ‘⁴
205 2712 261 2768 sub
280 2729 365 2784 poena
383 2714 478 2783 gravi,
499 2714 525 2768 si
543 2714 704 2777 renuerint,
725 2713 836 2768 eisdem
855 2714 1020 2783 infligenda.

320 2954 369 3021 De
390 2955 614 3021 cariadae-ais
637 2955 874 3021 mastrucas
897 2952 1058 3019 virescis.

201 3094 221 3118 ¹⁶
235 3090 310 3160 Quia
335 3110 542 3164 nonuunquam
568 3111 620 3163 per
645 3093 827 3147 clandestina
852 3091 1038 3147 matrimonia
1062 3108 1120 3145 non
1152 3108 1213 3144 mo·

161 3179 184 3203 ‘⁸
206 3174 273 3230 dica
296 3175 465 3246 frequenter
490 3175 699 3248 perpendimus
725 3175 895 3247 provenisse
923 3174 1061 3246 pericula,
1089 3173 1213 3228 firmiter

161 3264 183 3287 ‘·
206 3258 370 3314 iuhibemus
398 3278 434 3314 ne
463 3261 529 3331 quis
555 3261 683 3315 alienum
711 3260 920 3331 parochianum
939 3257 976 3312 ad
993 3257 1213 3311 matrimonium

163 3348 185 3370 “
207 3343 444 3407 contrahendum,
463 3362 515 3399 seu
541 3345 579 3399 ad
602 3344 819 3399 matrimonium
845 3343 875 3396 iu
902 3341 975 3396 facie
1001 3340 1142 3395 Ecclesiae
1168 3358 1212 3396 so·

164 3432 186 3453 ⁴·
208 3426 434 3489 lemniaandum,
453 3428 604 3492 admittat;
625 3427 683 3482 nisi
701 3431 761 3480 tam
779 3426 831 3480 ubi
848 3426 895 3480 vir
913 3431 1101 3480 conversatus
1114 3425 1212 3489 fuerit,

164 3520 186 3537 ¹·
208 3527 297 3580 quam
314 3509 366 3565 ubi
385 3511 492 3566 mulier
511 3510 629 3581 ¹degat,
656 3510 784 3581 diligens
810 3508 1024 3580 'praemittatur
1049 3508 1210 3580 inquisitio,

166 3598 187 3620 “
208 3599 240 3648 et
255 3593 369 3648 litteras
391 3594 438 3649 sui
457 3594 586 3657 Praelati,
614 3595 677 3649 sive
696 3593 854 3657 Ordinarii,
881 3593 1002 3658 deierat,
1029 3594 1212 3650 continentes

166 3682 187 3705 ¹·
208 3676 349 3747 quicquid
367 3684 507 3749 appareat
536 3696 590 3748 per
622 3677 853 3749 inquisitionem,
885 3696 937 3733 sou
970 3678 1131 3734 bannorum
1152 3679 1213 3733 edi·

167 3766 188 3788 ‘⁶
209 3760 334 3824 tionem3
365 3768 396 3815 et
429 3768 528 3816 utrum
568 3760 692 3817 deiieaut
727 3761 909 3824 contrahere,
948 3780 1048 3827 necne,
1076 3767 1214 3835 appareat

166 3849 188 3874 ‘⁶
208 3844 366 3900 evidenter.

188 4057 240 4125 De
266 4079 339 4124 aaa
365 4057 569 4144 appellando
598 4083 620 4123 u
641 4060 776 4145 judicio
798 4060 1049 4128 Arabiciiueoai
1071 4059 1192 4129 Sancti

220 4158 354 4228 Albani
376 4160 422 4230 od
446 4160 591 4231 Orciani
611 4161 873 4229 Ouatuciieaeis
891 4160 1155 4249 Areliicpisoopi.

206 4307 225 4332 ‘⁴
238 4304 321 4362 Inter
339 4310 453 4369 caetera,
471 4324 539 4362 eum
555 4305 654 4362 Abbas
675 4303 774 4362 Sancti
791 4304 907 4370 Albani,
925 4311 1032 4378 praetor
1049 4307 1214 4367 Romanum

169 4392 188 4420 '‘
210 4390 392 4457 Pontificem,
413 4391 458 4447 vel
476 4390 621 4463 Legatum
640 4388 825 4447 Cardinalem
844 4390 1010 4464 specialiter
1031 4392 1163 4461 missum,
1182 4394 1213 4453 in

169 4532 219 4543 ..-
379 4536 501 4544 *υ-
515 4537 540 4541 ---
552 4536 593 4543 ...-
605 4537 609 4541 -
620 4534 728 4543 -n
739 4534 788 4541 ---

204 4614 289 4682 '‘bd“
301 4615 327 4666 jn
339 4616 396 4668 ms,
687 4613 693 4678 1
740 4612 957 4680 ²proearmueaar
968 4614 993 4665 in
1005 4615 1061 4668 MS.
