3038 5452
420 725 632 777 nouasrnan
653 725 774 775 saron
798 725 935 774 1111111.
1136 705 1201 778 377

150 916 242 1001 justa
264 916 386 980 fuisset.
432 914 505 980 Hac
536 915 702 980 occasione
734 914 964 981 fatiscentibus
994 912 1201 988 adversariis,
1233 928 1352 987 mamm,

155 1017 250 1083 Prior
271 1018 408 1084 sortitus
431 1023 481 1082 est
503 1023 655 1104 optatum
677 1016 778 1084 finem
794 1040 899 1083 causeo
915 1017 1098 1103 praemissse.
1243 996 1339 1120 ἕξιν

199 1121 264 1186 Sed
279 1143 338 1187 nec
350 1121 529 1207 praedictus
553 1121 726 1199 Gerardus,
749 1121 825 1186 licet
847 1141 927 1197 sero,
943 1141 1001 1207 pro
1025 1119 1143 1184 timore
1167 1125 1202 1281 ep
1232 1128 1355 1246 13141356.

155 1221 254 1288 minis
277 1246 351 1309 quae
384 1222 473 1287 dicto
505 1223 610 1288 Priori
641 1230 675 1288 et
702 1224 775 1288 aliis
808 1224 997 1301 incusserat,
1027 1221 1133 1286 minas
1167 1241 1184 1282 e

157 1324 291 1390 timores
312 1325 425 1390 evasit.
472 1324 559 1389 Nam
583 1327 724 1413 contigit
751 1332 877 1414 expost,
901 1325 1084 1390 cumidem
1109 1322 1203 1385 Prior
1217 1329 1371 1415 oflersropo

156 1426 262 1492 factus
277 1427 393 1493 fuisset
416 1426 529 1492 Abbas
553 1429 746 1494 Monasterii
769 1428 884 1494 Sancti
907 1426 1040 1504 Albani,
1055 1432 1095 1490 ut
1117 1425 1202 1489 dice·
1216 1395 1365 1524 {fflffi

156 1533 214 1594 tur
234 1530 381 1608 inferius,
403 1551 479 1595 eum
502 1535 634 1595 tantum
657 1530 750 1618 diligi
772 1537 806 1595 et
829 1535 962 1596 tentum
985 1528 1137 1593 honorari
1160 1526 1202 1590 ab
1216 1529 1322 1644 ἔξωθε

156 1632 328 1712 Edwardo,
367 1633 587 1698 illustrissimo
626 1633 777 1720 Principe
814 1631 953 1708 Walliae,
984 1631 1203 1718 primogenito
1217 1659 1327 1709 hiafinal

157 1735 258 1821 Regis
274 1735 413 1822 Angliae,
438 1742 477 1801 ut
499 1758 574 1800 eum
589 1735 713 1821 ubique
729 1735 823 1822 quasi
839 1742 965 1821 putrem
990 1736 1204 1798 veneraretur
1217 1743 1321 1844 3¹ng-

156 1842 191 1902 et
212 1837 379 1923 aspiceret,
403 1842 437 1903 et
467 1837 659 1924 Capitulum
690 1836 804 1905 Sancti
835 1837 959 1901 Albani
994 1836 1145 1912 intraret,
1170 1839 1203 1898 ct
1216 1859 1351 1924 friendship

157 1940 399 2005 fraternitatem
422 1940 568 2024 ejusdem
590 1945 717 2026 peteret
732 1946 766 2004 et
781 1941 949 2025 occiperet.
995 1938 1110 2002 Abbas
1125 1957 1202 2002 vero
1216 1926 1304 2041 {mn
1316 1933 1342 1975 ”⁰

154 2044 227 2128 ejus
250 2042 434 2107 dominium
457 2042 521 2108 sibi
544 2042 758 2129 singulariter
789 2043 970 2129 gratiosum
1003 2041 1125 2127 plmies
1148 2061 1205 2105 cx·
1217 2059 1335 2118 Thomas,

155 2150 279 2234 pertus,
302 2146 416 2225 eidem,
441 2150 599 2231 tanquam
622 2144 782 2210 fidissimo
805 2145 938 2210 domino
961 2149 995 2209 et
1018 2144 1122 2208 amico
1137 2125 1332 2240 ⁸u⁰²ie¹lidnie

157 2253 229 2313 tam
252 2247 293 2312 de
315 2247 532 2334 praesentibus
555 2269 653 2332 quam
677 2248 716 2312 (16
739 2247 900 2313 anteactis
930 2247 997 2311 suis
1018 2245 1205 2311 tribulatio-
1218 2258 1312 2314 Arbor,
1325 2259 1359 2322 by

157 2350 266 2425 nibus
284 2351 468 2427 eventibus,
484 2355 518 2415 et
539 2350 709 2436 angustiis,
726 2350 880 2435 conqueri
904 2354 937 2413 et
960 2371 1109 2414 enarrare
1124 2349 1205 2413 sole·
1217 2324 1349 2440 {⁶532de

157 2452 238 2530 bat;
261 2458 295 2516 et
316 2452 359 2517 ab
381 2451 494 2516 eodem
517 2472 644 2537 semper
666 2452 830 2538 singulare
845 2451 1006 2528 solatium,
1023 2450 1205 2530 consilium,
1218 2455 1312 2506 wales.

159 2560 194 2619 et
216 2553 390 2631 auxilium,
405 2559 581 2640 reportare.
628 2553 728 2619 Unde
744 2554 885 2640 quadam
900 2555 972 2618 vice
987 2554 1105 2619 retulit
1120 2555 1208 2619 inter
1219 2563 1312 2628 Strong
1323 2563 1375 2614 dis·

159 2660 277 2721 (astera
292 2654 333 2720 de
348 2654 542 2720 difficultate
557 2656 670 2741 placiti
685 2655 846 2743 praedicti,
860 2662 895 2721 et
913 2657 954 2721 (16
969 2657 1069 2721 minis
1091 2660 1124 2721 et
1139 2679 1207 2720 ma
1219 2631 1351 2762 {ffi‘ssy

158 2759 234 2823 litia
243 2758 381 2823 Gerardi
396 2759 583 2823 memorati:
601 2759 693 2844 cujus
709 2759 799 2824 dicta
812 2759 900 2825 idem
916 2758 1072 2846 Princeps
1086 2781 1207 2825 memo·
1219 2763 1316 2880 Emi
1328 2832 1358 2879 nc

158 2861 239 2925 riter
253 2861 408 2938 retinens,
418 2882 493 2925 cum
508 2861 649 2946 quadam
666 2862 738 2928 vice
752 2863 937 2928 accessisset
952 2863 995 2927 ad
1010 2885 1085 2928 eum
1102 2863 1207 2930 Hum·
1220 2895 1314 2961 Wyth-

158 2963 264 3027 fridus
284 2963 326 3027 do
341 2963 446 3040 Boun,
458 2963 574 3028 Comes
589 2964 887 3050 Northamptoniae,
899 2970 934 3030 et
949 2971 1078 3030 secutus
1093 2965 1208 3030 fuisset
1220 2961 1330 3025 singen,

159 3088 234 3132 eum
257 3066 350 3131 miles
384 3066 426 3131 de
459 3088 519 3131 sua
540 3066 673 3143 familia,
698 3066 863 3131 Gerardus
886 3066 926 3131 de
951 3035 1364 3156 Wythringtonesseimuw,

158 3173 368 3245 memoratus,
384 3168 474 3233 illico
498 3167 656 3253 Princeps
680 3167 863 3247 incanduit,
880 3176 915 3233 et
938 3169 1085 3235 Gerardo
1106 3170 1208 3235 disce·
1221 3159 1332 3276 Prshlgfniffl

159 3271 236 3336 dere
258 3270 301 3334 ab
324 3271 393 3354 ejus
415 3275 548 3357 aspectu
570 3269 779 3335 irascibilitas·
800 3270 985 3356 imperavit.
1029 3271 1208 3336 Admirans
1307 3242 1342 3277 m

159 3373 276 3439 Comes
307 3371 348 3436 de
377 3376 447 3435 tarn
477 3373 589 3437 subita
618 3373 833 3437 commotione
856 3372 1208 3459 Principia-“Bene-

159 3483 176 3510 “
200 3474 332 3553 dioits,'’
370 3474 491 3560 inquit,
525 3475 601 3538 “mi
633 3474 784 3552 Domine,
813 3476 893 3560 quid
930 3484 982 3540 est
1012 3475 1100 3562 quod
1133 3499 1206 3543 meo

159 3575 299 3641 “militi
323 3581 391 3642 tam
415 3584 509 3642 torve
536 3577 732 3662 loquimini?
778 3576 866 3657 Quid
897 3578 1067 3664 peccavit?
1079 3579 1096 3604 '’
1143 3580 1205 3645 Cui
1220 3580 1319 3661 Atltho·

160 3679 324 3765 Princeps,
348 3675 501 3744 ¹anhelus
524 3692 558 3744 et
581 3686 799 3756 mtunns,—“
809 3680 959 3746 Fratrem
974 3704 1083 3747 meum
1100 3684 1205 3749 voluit
1217 3646 1359 3773 fffissd,

159 3790 176 3816 “
199 3781 378 3846 occidisse.'’
426 3781 637 3868 Stupefaotus
654 3781 771 3847 Comes
793 3784 913 3863 ait,—“
926 3784 971 3848 Et
994 3785 1029 3848 in
1052 3807 1149 3871 quem
1165 3778 1311 3855 deWY‘h·

159 3891 179 3920 “
201 3883 360 3948 fratribus
382 3884 501 3948 vestris
517 3883 625 3948 voluit
648 3884 845 3951 commisisse
868 3887 1083 3952 scelusl''-—“
1096 3888 1203 3953 Abba·
1217 3852 1377 3973 {iiffiaon

159 3993 179 4022 “
201 3985 298 4065 tcm,'’
315 3985 433 4070 inquit,
452 3991 471 4022 “
482 3985 523 4049 (16
539 3986 659 4050 Sancto
676 3986 814 4068 Albano,
826 3988 961 4054 fratrem
976 3976 1348 4091 meum,que1n⁰4{¹f¹bb⁰}

159 4097 177 4123 “
200 4087 303 4175 diligo
325 4093 364 4152 ut
386 4087 504 4152 fratres
526 4087 681 4166 uterinos,
704 4089 795 4154 nisus
818 4096 868 4154 est
890 4091 1070 4177 peremisse.
1118 4090 1205 4170 Quas
1218 4058 1347 4171 whiiieisn’,

160 4198 177 4226 ‘⁴
200 4195 335 4276 propter
357 4189 458 4255 dicito
482 4189 546 4254 sibi
569 4211 611 4255 ne
634 4191 746 4255 videat
769 4192 878 4256 oculos
901 4215 997 4271 meos,
1022 4194 1123 4259 donec
1137 4194 1206 4259 Ab·
1219 4175 1363 4292 ffiffloe

158 4300 177 4328 “
199 4293 272 4357 bati
287 4292 490 4369 satisfecerit,
506 4299 539 4357 et
555 4292 738 4357 obtinuerit
752 4292 896 4359 favorem
911 4295 1010 4381 ejus’'
1034 4295 1206 4373 Gerardus,
1219 4309 1286 4386 clleo
1297 4317 1324 4358 to

159 4416 202 4460 ex
226 4417 281 4461 ore
304 4394 430 4461 domini
454 4394 505 4458 sui
529 4393 667 4460 Comitis
690 4394 755 4459 ista
777 4395 921 4474 audiens,
946 4398 1127 4463 maturavit
1142 4398 1206 4463 iter
1218 4375 1279 4426 Μ·

570 4623 576 4656 ¹
588 4623 689 4674 lineolae
701 4623 726 4674 in
738 4625 792 4675 MS.
