3038 5452
457 732 668 785 rrosrsrnan
690 732 809 784 sanem
832 731 966 784 smum
1167 720 1232 787 tta

189 924 208 950 ‘⁶
228 923 363 987 alterum,
383 920 539 994 peronius
558 920 666 976 mensis
686 920 822 992 spatium,
837 921 946 993 absque
964 938 1052 976 causa
1067 921 1234 977 rationabili
1267 921 1385 982 Thomas,

189 1007 436 1079 “et11e3itima,
465 1007 513 1074 (de
538 1023 605 1078 qna,
630 1023 697 1060 cnm
721 1007 816 1076 ipsam
841 1005 878 1059 ad
904 1023 1005 1060 eorum
1036 1006 1232 1061 defensionem
1279 988 1365 1104 ffiht

189 1094 208 1120 ‘⁶
228 1091 348 1147 subesse
367 1089 583 1162 praetenderint,
603 1106 656 1161 per
674 1090 792 1144 eosdem
811 1089 928 1145 Priores
946 1090 1139 1160 personaliter
1157 1090 1234 1144 infra
1288 1069 1354 1170 ΑΒ).
1366 1092 1375 1116 ’

189 1178 209 1203 “
229 1175 405 1246 quindenam
423 1174 585 1246 proximam
602 1178 669 1244 post
687 1173 799 1227 dictum
817 1190 956 1237 mensem,
977 1174 1032 1228 sub
1050 1191 1136 1244 poena
1160 1191 1234 1245 prse-
1263 1192 1383 1238 larana·

189 1259 368 1315 “clusionis
393 1258 569 1313 defensionis
598 1274 697 1311 eorum
725 1257 902 1328 hujusmodi,
922 1275 1020 1313 coram
1043 1257 1127 1313 nobis
1146 1259 1232 1314 fidem
1289 1281 1356 1292 --

189 1348 209 1374 “
228 1345 404 1401 sufficienter
422 1344 486 1399 ficri
504 1343 662 1410 volumus)
682 1343 718 1397 de
738 1347 842 1398 caetero
863 1345 1052 1408 cessaverint,
1074 1351 1178 1400 extunc
1196 1345 1233 1398 ad

188 1432 208 1459 ‘¹
227 1429 451 1502 persolvendum
479 1427 557 1483 dicto
585 1433 685 1482 nostro
712 1425 890 1482 Monasterio
915 1428 1038 1498 duplum
1066 1428 1129 1499 ejus
1155 1429 1233 1499 qrrod

189 1515 208 1540 ‘⁴
228 1513 341 1569 solvere
365 1513 548 1575 distulerant,
568 1512 629 1566 sine
655 1528 705 1581 spe
723 1511 905 1567 remissionis
924 1512 955 1566 in
972 1512 1025 1567 hac
1044 1519 1136 1583 parte,
1157 1513 1233 1567 sufli-

188 1599 208 1624 “
228 1598 339 1652 cienter
365 1597 425 1650 siut
454 1595 577 1650 astricti.
624 1595 656 1649 Si
686 1611 755 1650 vero
783 1595 913 1650 officiarii
939 1596 1110 1650 Monasterii
1141 1597 1232 1651 nostri

188 1681 209 1707 “
227 1679 368 1752 predicti,
388 1679 438 1748 qui
466 1678 503 1734 ed
525 1678 700 1734 solutionem
717 1679 889 1750 pensionum
908 1679 1088 1734 studentium
1115 1680 1233 1751 insuper

188 1760 208 1791 “
228 1769 296 1819 sunt
321 1764 423 1828 artati,
447 1763 483 1818 de
509 1763 696 1834 pensionibus
723 1762 804 1833 ipsis
833 1769 900 1834 post
918 1762 1033 1834 lapsum
1055 1764 1172 1817 termini
1197 1763 1233 1817 ad

189 1850 209 1875 “
227 1849 281 1902 hoc
308 1848 419 1913 statuti,
446 1847 613 1903 nullatenus
640 1847 834 1903 satisfecerint
860 1848 938 1901 infra
963 1865 1093 1902 mensem
1117 1854 1231 1907 extunc.

188 1934 208 1959 “
227 1931 435 1995 Refectorinm,
450 1949 518 1986 cum
530 1931 691 1993 Conventu,
712 1936 837 1996 teneant,
852 1937 882 1986 et
893 1949 950 1985 non
962 1931 1033 1984 alibi
1051 1931 1231 1995 2comedant,

189 2017 208 2043 ‘⁶
228 2015 318 2072 donec
330 2014 482 2086 pensiones
495 2014 688 2086 persolverint
704 2013 885 2079 antedictas,
906 2014 1152 2086 dispensationem
1169 2016 1233 2069 nul-

188 2099 210 2126 “
227 2098 286 2152 lam
304 2099 335 2152 in
352 2099 406 2154 hac
424 2105 515 2170 parte,
530 2099 604 2154 citra
622 2098 859 2163 satisfactionem,
872 2098 908 2152 de
920 2099 1004 2153 nobis
1018 2097 1232 2169 quomodolibet

190 2183 383 2255 “speraturi
422 2181 530 2238 Datum
549 2182 625 2253 apud
645 2182 784 2238 Sanctum
804 2182 959 2246 Albanum,
980 2187 1012 2238 nt
1030 2183 1149 2255 seeptro?

198 2431 381 2521 Incipiunt
414 2433 676 2500 Constitutiones
706 2433 939 2501 Prouincicle's
971 2435 1135 2523 Capituli,
1171 2459 1234 2522 per

276 2536 496 2602 cremabilem
518 2537 664 2614 Patrem,
699 2537 869 2615 Piscinam,
887 2537 954 2603 Dei
974 2538 1098 2625 pratia,
1121 2538 1233 2605 Abbo-

277 2645 343 2705 tem
365 2638 568 2705 Mouceterii
593 2638 713 2706 Sancti
736 2639 879 2718 Albani,
902 2639 1008 2706 edita.

225 2781 244 2806 ‘¹
263 2777 361 2834 Abbas
394 2779 566 2834 Monasterii
600 2777 699 2834 Sancti
733 2780 849 2844 Albani,
884 2781 1060 2837 Provinciali
1096 2781 1231 2856 Cupitulo
1244 2800 1367 2852 Constitu.

189 2862 347 2919 “Ordinis
373 2863 535 2934 Nigrorum
565 2863 775 2919 Monachorum
802 2865 832 2919 in
857 2864 1021 2920 Cantuariae
1046 2884 1080 2921 ac
1107 2867 1230 2923 Eboraci
1243 2868 1337 2918 ticnof

188 2950 208 2975 ‘⁴
228 2947 392 3003 Provinciis
414 2949 493 3004 solus
519 2951 644 3019 fungens
675 2949 767 3003 officio
791 2949 989 3014 Praesidentis,
1015 2951 1230 3007 venerabilibus
1243 2935 1330 3049 4⁴3¹)OE

189 3034 208 3059 “
228 3033 259 3086 in
278 3030 396 3087 Christo
416 3033 549 3103 patribus
568 3038 598 3087 et
621 3033 760 3088 fratribus
785 3033 931 3088 universis
950 3034 1081 3105 ejusdem
1103 3034 1230 3101 Ordinis,
1243 3016 1377 3130 puffiseh

189 3118 208 3142 ‘⁶
228 3114 400 3180 Abbatibus,
419 3122 449 3172 et
461 3117 612 3171 Prioribus
625 3116 753 3171 Abbates
772 3117 904 3188 proprios
923 3135 980 3172 non
997 3118 1180 3184 habentibus,
1201 3127 1231 3174 et
1243 3133 1270 3181 in
1282 3132 1324 3182 the
1334 3134 1396 3183 Pro.

189 3202 208 3226 ‘⁶
228 3216 330 3254 eorum
356 3199 562 3264 Oonventibns,
586 3217 620 3254 ac
644 3200 792 3255 monachis
827 3201 951 3270 singulis
985 3201 1152 3268 eorundem,
1178 3221 1230 3274 per
1242 3199 1335 3248 vincifll

189 3285 208 3311 ‘⁶
229 3284 345 3338 easdem
362 3284 531 3340 Provincias
550 3285 725 3349 constitutis,
739 3283 863 3340 salutem
882 3285 912 3338 in
930 3285 1111 3356 amplexibus
1131 3265 1393 3382 5³¹V³·,⁰1,¹{⁸1'}¹,²J,if

187 3370 205 3396 ‘⁸
223 3367 306 3430 toris,
324 3385 358 3422 ac
381 3367 526 3423 mandatis
552 3368 669 3432 nostris,
689 3368 778 3422 immo
803 3369 911 3432 verius,
931 3369 1118 3439 Apostolicis‚
1139 3370 1231 3426 effica·
1242 3397 1335 3448 dictiue

188 3453 206 3479 “
226 3451 300 3505 citer
319 3449 446 3505 obedire.
485 3450 559 3505 Cum
578 3451 712 3506 hnmanae
730 3453 878 3506 memorias
896 3452 984 3506 nimis
1004 3458 1068 3507 arta
1085 3455 1231 3525 capacitas
1245 3465 1331 3518 Order,

189 3537 209 3562 “
228 3534 259 3589 iu
276 3534 367 3590 variis
391 3535 508 3606 paginis
527 3553 651 3607 quaque
670 3535 760 3590 dilate
785 3553 941 3614 conspersa
963 3536 1040 3591 infra
1056 3536 1167 3594 limites
1186 3541 1232 3594 sui

190 3621 209 3646 “
227 3618 309 3674 sinus
327 3635 406 3690 tagre
430 3620 579 3690 permittat
611 3619 794 3675 intellectum
827 3620 992 3684 recondere,
1025 3622 1233 3695 reconditaque

188 3707 205 3730 ‘⁴
224 3708 333 3766 tenere,
358 3708 409 3757 ant
435 3702 594 3774 producere
622 3705 653 3758 in
680 3711 831 3775 apertum
864 3705 888 3759 si
914 3723 971 3777 qua
995 3711 1093 3761 tamen
1117 3714 1233 3763 actuum

190 3789 209 3814 ‘¹
229 3785 441 3857 multiplicitas,
473 3787 610 3858 frequens
643 3788 823 3852 exercitium,
854 3796 904 3846 aut
937 3790 1091 3847 instructio
1125 3794 1234 3864 qualis·

189 3874 206 3900 ¹‘
224 3886 347 3941 cunque,
381 3871 492 3941 quavis
532 3871 716 3942 impresserit
755 3873 918 3937 recolenda,
962 3875 1078 3930 furatur
1112 3876 1230 3938 oblivio,

190 3957 211 3982 “
229 3954 338 4010 amittit
357 3954 493 4018 tennitas,
506 3973 540 4010 ao
551 3962 645 4011 mater
658 3958 774 4022 erroris,
790 3958 911 4022 incuria,
927 3959 1133 4029 pretermittit.
1171 3960 1234 4014 Hu-

190 4041 210 4066 “
226 4037 357 4109 jusmodi
375 4038 419 4093 rei
439 4039 543 4108 gratia,
561 4040 593 4094 in
611 4046 718 4095 nostrae
736 4041 888 4112 religionis
902 4048 1100 4112 augmentum,
1115 4041 1235 4112 mandis

189 4126 208 4150 “
226 4120 406 4178 difficultatis
423 4122 597 4186 remedium,
612 4140 723 4179 necnon
735 4125 765 4179 in
778 4124 907 4180 fructum
926 4125 1109 4180 salutiferum
1128 4126 1236 4180 anima·

190 4209 210 4233 ‘⁴
229 4222 307 4270 rum,
318 4205 442 4276 dignum
454 4205 590 4262 duximus
604 4207 747 4278 quasdam
760 4206 938 4271 Sanctiones,
951 4215 1083 4264 nostrum
1096 4206 1234 4263 Ordinem

189 4292 209 4318 “
226 4293 442 4353 concernentes,
464 4291 631 4346 summatim
654 4292 865 4363 perstringere,
894 4309 1003 4363 paucas
1023 4292 1058 4346 de
1080 4309 1154 4347 novo
1178 4301 1235 4349 sta·

190 4377 211 4401 “
229 4379 325 4437 tuere,
344 4390 378 4429 ac
396 4374 511 4445 aliquas
529 4375 630 4445 ³prius
648 4376 826 4431 luculentius
845 4375 978 4430 enodare.

490 4512 500 4517 ..
504 4512 772 4520 ...-—--——-—----0
991 4513 1003 4519 ο
1158 4516 1225 4523 ,....-

224 4577 462 4645 taff-mmm,
772 4582 1236 4650 ³qaamisapparenuyomiuedhere.

225 4656 390 4713 'maedam
399 4659 427 4711 ln
437 4658 494 4710 MS.

1040 4763 1105 4815 FF
