3038 5452
301 704 366 768 344
678 721 786 770 casm
808 720 971 774 messuit

156 910 274 972 Michael,
305 904 323 930 “
345 903 434 960 ‘silio
452 911 560 971 nostro,
575 907 607 961 in
624 906 821 962 Parliamento
839 915 939 963 nostro
957 908 1035 978 apud
1048 909 1357 974 westmonasterium,

178 978 240 1027 ²⁹⁰¹
305 989 325 1013 “
347 989 398 1042 ‘in
415 990 542 1045 crastum
562 990 661 1045 Sancti
681 991 803 1046 Hillarii
820 992 952 1063 proximo
970 992 1120 1063 praeterito
1138 997 1229 1058 tento,
1243 992 1362 1049 exhibi-

168 1044 263 1160 Afflt'
306 1074 325 1098 “
347 1074 437 1136 ί1111,
458 1074 535 1145 quod
553 1075 698 1146 licetipse
716 1081 824 1141 teneat,
844 1077 976 1149 ipseque,
997 1082 1027 1132 et
1045 1076 1279 1148 praedecessores
1299 1078 1358 1143 sui,

153 1146 274 1227 laet-lt.
306 1156 325 1182 ‘⁶
346 1155 497 1212 ‘Abbates
522 1158 580 1212 loci
604 1158 748 1229 praedioti,
769 1159 805 1214 de
830 1160 905 1214 dono
928 1161 1152 1232 progenitorum
1175 1165 1358 1226 nostrorum,

180 1270 247 1284 —-
306 1243 325 1266 ‘⁴
347 1240 485 1312 ‘Regum
502 1241 629 1313 Angliae,
650 1260 668 1296 a
685 1248 818 1314 tempore
837 1261 894 1315 quo
906 1262 964 1299 non
989 1251 1069 1300 extat
1085 1245 1237 1309 memoria,
1255 1250 1361 1300 tenere

306 1327 325 1350 “
347 1325 354 1350 ‘
367 1332 590 1389 consueverunt,
604 1327 736 1381 maneria
753 1327 789 1381 de
803 1326 979 1382 Greneborw
999 1334 1028 1384 et
1040 1328 1217 1399 Wynslowe,
1231 1346 1266 1383 ao
1279 1346 1361 1399 quae·

306 1409 325 1434 “
347 1408 436 1463 ‘dam
455 1409 513 1462 alia
530 1411 669 1474 maneria,
689 1416 795 1475 terras,
816 1417 846 1466 et
857 1416 1032 1477 tenementa,
1052 1412 1084 1466 in
1103 1411 1253 1467 Comitatu
1277 1413 1360 1467 Buls-

306 1492 325 1516 ⁴‘
347 1492 543 1562 ‘yngbamiae,
558 1492 589 1546 in
607 1492 739 1559 liberam,
758 1512 872 1565 puram,
892 1500 922 1549 et
939 1502 1110 1567 perpetuam
1128 1495 1358 1567 eleemosynam,

307 1577 326 1602 “
345 1576 403 1629 ‘de
423 1593 596 1647 quocunqne
614 1578 737 1633 militari
756 1597 790 1634 ac
809 1578 944 1634 saeculari
962 1580 1083 1635 servitio
1108 1579 1227 1651 quieta;
1252 1580 1360 1637 colleo-

305 1663 324 1688 “
345 1664 444 1716 ‘tores
462 1666 561 1716 tamen
578 1662 680 1716 auxilii
700 1664 896 1734 quadraginta
913 1663 1084 1727 solidorum,
1103 1664 1188 1719 nobis
1206 1682 1304 1736 nuper
1320 1665 1358 1721 de

308 1748 327 1772 ‘¹
348 1745 495 1816 ‘singulis
513 1746 608 1802 feodis
629 1747 768 1812 militnm,
789 1748 826 1802 ad
849 1748 1078 1820 primogenitum
1104 1748 1199 1803 filiam
1222 1755 1358 1805 nostrum

308 1830 327 1855 “
349 1830 495 1885 ‘militem
513 1831 705 1896 ¹faciendum,
725 1831 865 1896 concessi,
885 1832 917 1886 in
934 1831 1035 1887 eodem
1054 1831 1203 1887 Comitatu
1214 1832 1357 1904 Bnkyng·

308 1914 328 1938 ‘⁴
348 1914 486 1980 ‘hamiae,
507 1920 651 1986 praetextu
669 1914 842 1985 ²cujusdam
866 1916 1021 1971 evidentias
1045 1916 1081 1970 de
1101 1917 1180 1972 dicto
1204 1915 1358 1973 Scacoario

308 2000 327 2024 ‘⁴
349 1997 413 2054 ‘eis
431 1999 539 2064 missae,
559 2017 612 2070 per
632 2018 719 2071 quam
738 2006 920 2071 compertum
945 2001 1003 2055 fuit
1027 2000 1103 2071 quod
1127 1999 1240 2054 dudum
1256 2001 1357 2056 Abbas

308 2086 326 2109 ‘⁶
348 2082 442 2137 ‘dicti
471 2083 528 2137 loci
560 2101 612 2154 pro
651 2083 826 2153 quibusdam
855 2084 1065 2156 praedictorum
1097 2084 1296 2139 maneriorum
1325 2086 1357 2139 in

308 2169 327 2192 ‘⁴
349 2165 448 2221 ‘dioto
475 2167 624 2222 Comitem
648 2167 894 2239 Bukyngbamiae,
923 2187 998 2224 anno
1031 2169 1118 2239 regni
1146 2167 1267 2223 Domini
1298 2170 1355 2224 Ed·

308 2253 327 2277 “
349 2250 470 2313 ‘wardi
492 2251 637 2320 quondam
655 2250 747 2322 Regis
766 2251 893 2323 Angliae,
914 2253 962 2307 avi
980 2251 1083 2314 nostri,
1103 2250 1218 2306 decimo
1243 2258 1354 2317 octavo,

308 2336 327 2360 ‘⁸
348 2336 356 2360 ‘
370 2333 408 2387 ad
426 2333 567 2389 auxilium
580 2333 758 2404 hujusmodi,
778 2335 816 2389 ad
828 2341 945 2391 centum
958 2336 1066 2390 solidos
1079 2353 1212 2390 assessus
1225 2337 1300 2392 fuit:
1319 2336 1354 2391 da

309 2421 327 2443 “
350 2416 477 2487 ‘quibas
497 2418 617 2489 quidem
634 2423 753 2472 centum
771 2418 874 2473 solidis
893 2418 1005 2473 dudum
1022 2418 1123 2474 Abbas
1141 2418 1276 2490 praedicti
1299 2420 1354 2475 loci

309 2505 327 2527 ‘⁴
350 2501 582 2565 ‘allocationem,
603 2501 713 2556 virtute
732 2502 886 2572 cujusdam
904 2503 1051 2573 generalis
1078 2503 1296 2575 perdonationis
1319 2503 1353 2558 de

309 2588 329 2612 “
350 2585 504 2640 ‘omnibus
532 2585 648 2649 debitis,
671 2587 767 2641 eidem
792 2586 904 2641 dudum
924 2587 1033 2642 Abbati
1058 2604 1112 2657 per
1130 2587 1242 2643 dictum
1268 2605 1352 2643 avum

309 2670 328 2694 “
350 2671 503 2722 ‘nostrum
516 2669 610 2734 sactoe,
624 2670 740 2725 incaute
754 2669 889 2734 obtinuit,
900 2669 1013 2740 justam
1025 2670 1259 2725 exonerationem
1272 2689 1351 2727 suam

309 2755 328 2780 “
350 2752 401 2805 ‘in
419 2751 473 2806 hac
492 2758 583 2823 parte,
604 2759 691 2824 prout
705 2757 787 2824 juste
806 2760 836 2809 et
854 2753 890 2808 de
905 2755 974 2823 jure
992 2754 1098 2825 potuit,
1118 2755 1241 2810 minime
1258 2773 1352 2827 prose·

309 2840 328 2864 “
350 2836 505 2908 ‘quendo;
524 2842 642 2891 centum
661 2838 769 2893 solidos
789 2837 825 2893 ab
839 2838 941 2893 eodem
953 2838 1064 2894 dudum
1076 2837 1201 2904 Abbate,
1216 2858 1269 2911 pro
1287 2840 1352 2895 duo·

308 2927 328 2951 ‘⁶
350 2923 425 2978 ‘bus
444 2921 538 2977 feodis
556 2920 685 2976 militum
704 2928 734 2977 et
752 2922 884 2985 dimidio,
903 2922 1016 2977 ratione
1035 2923 1243 2988 maneriorum,
1267 2930 1352 2979 terra·

308 3012 327 3035 ‘⁴
349 3010 356 3034 ⁶
370 3027 445 3070 rum,
459 3012 489 3062 et
501 3011 733 3061 tenementorum
744 3006 962 3077 praedictorum,
972 3025 1026 3077 per
1038 3025 1144 3077 graves
1157 3007 1348 3063 districtiones

308 3094 327 3117 ‘⁴
349 3093 508 3161 ‘exigunt;
528 3090 684 3161 ipsumque
704 3106 738 3143 ea
756 3090 907 3143 occasione
925 3089 1131 3160 multipliciter
1150 3091 1315 3160 inquietant
1325 3096 1351 3145 et

309 3177 327 3202 “
349 3176 535 3237 ‘molestant
567 3175 599 3228 in
625 3174 718 3244 ipsius
745 3173 878 3237 abbatis,
899 3181 930 3228 et
956 3174 1087 3229 ecclesiae
1116 3192 1176 3229 sum
1198 3175 1347 3247 praediotae.

309 3262 327 3284 “
349 3264 460 3330 ‘grave
485 3258 632 3319 damnum,
659 3264 689 3310 et
712 3255 916 3326 prejudicium
941 3256 1146 3322 manifestum
1184 3275 1274 3328 super
1298 3275 1349 3328 quo

309 3345 327 3368 “
349 3344 453 3397 ‘nobis
473 3341 650 3413 supplicavit
669 3339 725 3394 sibi
737 3357 790 3409 per
808 3358 860 3394 nos
874 3339 911 3394 de
929 3340 1059 3395 remedio
1078 3341 1227 3409 provideri
1236 3342 1347 3402 :-Nos,

310 3430 328 3453 “
350 3427 502 3481 ‘nolentes
521 3426 617 3481 eidem
636 3424 754 3488 Abbati,
775 3442 828 3478 seu
853 3425 985 3479 ecclesiae
1010 3443 1071 3479 sna²
1096 3425 1255 3494 praediotae,
1280 3427 1349 3497 inju-

309 3513 327 3536 “
350 3510 451 3574 ‘riari‚
478 3509 561 3564 vobis
586 3506 758 3562 mandamus
787 3507 873 3577 quod,
902 3509 974 3562 visis
1000 3509 1109 3565 chaitis
1134 3511 1349 3581 progenitorum

309 3597 328 3620 “
350 3598 357 3619 ‘
371 3600 537 3648 nostrorum
549 3594 617 3647 inde
630 3593 726 3654 factis,
741 3610 774 3646 ac
787 3593 943 3647 evidentiis
956 3597 987 3647 et
998 3595 1194 3650 memorandis
1210 3591 1349 3650 Scaecarii

309 3682 327 3704 “
350 3677 513 3747 ‘praedicti
544 3677 698 3747 praemissa
728 3677 973 3746 contingentibus,
1006 3678 1032 3733 si
1062 3695 1117 3749 por
1144 3679 1348 3749 inspectionem

309 3766 327 3789 ‘¹
348 3760 535 3823 ‘eorundem
556 3761 604 3814 vcl
623 3778 675 3831 per
693 3761 925 3830 inquisitionem,
946 3764 998 3814 aut
1014 3760 1071 3815 alio
1096 3762 1183 3817 modo
1201 3762 1348 3833 ³legitimc

308 3850 327 3873 “
349 3851 355 3872 ‘
369 3846 451 3901 vobis
465 3851 596 3900 constare
608 3844 716 3916 poterit
727 3844 898 3915 preadictum
914 3844 1069 3911 Abbatem,
1084 3852 1114 3900 ot
1125 3846 1349 3917 praedecessores

308 3934 327 3958 “
349 3934 356 3956 ‘
371 3949 448 3993 suos,
463 3929 541 3984 dicta
552 3929 691 3992 maneria,
710 3931 831 3990 *terras
846 3938 876 3982 et
893 3934 1066 3992 tenemento,
1080 3929 1111 3981 in
1121 3929 1271 3984 Comitatu
1282 3947 1348 4001 prah

308 4018 327 4042 ‘⁶
349 4020 356 4042 ‘
371 4016 457 4079 dioto,
472 4032 489 4068 a
501 4019 632 4083 tempore
652 4030 709 4083 quo
727 4029 784 4065 non
797 4016 876 4065 extat
887 4011 1037 4073 memoria,
1052 4011 1082 4064 in
1094 4011 1227 4077 liberam,
1239 4029 1347 4083 puram,

308 4104 327 4127 “
350 4104 400 4155 ‘et
418 4104 590 4170 perpetuam
608 4097 824 4166 eleemosynam
849 4095 884 4148 de
910 4111 1082 4165 quocunque
1107 4096 1231 4151 militari
1250 4115 1284 4151 ao
1302 4113 1349 4150 εω-

309 4189 327 4213 “
349 4184 464 4240 ‘calari
490 4183 620 4246 servitio,
651 4188 681 4236 et
705 4180 822 4235 auxiliis
848 4179 886 4234 ad
911 4179 1121 4250 primogenitos
1149 4180 1224 4236 filios
1255 4180 1347 4252 regios

340 4466 347 4496 ¹
351 4463 466 4529 faciendi
493 4463 518 4512 ia
541 4462 606 4520 MS,
634 4462 669 4525 by
692 4460 805 4509 inadvcr·
852 4459 957 4523 margin,
976 4458 1186 4509 inalaterhand

306 4552 385 4594 teneo.
885 4539 895 4569 ³
906 4538 1018 4601 legittime
1030 4537 1055 4584 iu
1065 4539 1120 4588 MS.

338 4622 428 4683 ²cep'cs
447 4624 472 4670 in
491 4621 555 4679 MS„
574 4622 700 4670 corrected
716 4621 742 4670 in
763 4619 805 4668 tbc
885 4619 894 4648 ⁴
913 4624 974 4666 terro
985 4617 1012 4665 in
1023 4616 1079 4666 MS.
