3038 5452
233 663 297 730 492
622 683 798 732 seranum
826 666 885 751 (a.)

232 874 251 897 “
270 870 348 925 modi
361 889 430 926 vero
449 871 647 926 sacerdotibus
665 890 722 925 non
741 872 942 934 existentibus,
963 876 1015 924 aut
1032 869 1225 925 existentibus
1245 877 1279 925 et

231 959 249 981 “
269 955 435 1010 nolentibus
459 956 576 1028 ingredi
601 954 755 1027 hospitale,
776 961 845 1010 tunc
870 954 1059 1026 praecipimus
1085 954 1173 1026 quod,
1194 955 1277 1008 omni

231 1040 249 1064 “
268 1038 434 1095 inordinato
462 1040 560 1095 favore
587 1044 709 1103 remoto,
730 1039 909 1110 recipiantur
927 1039 979 1092 alii
1005 1037 1172 1093 sacerdotes
1191 1037 1276 1092 mnae

231 1126 249 1148 “
268 1123 337 1178 vitae
363 1130 393 1179 ct
417 1124 644 1180 conversationis
674 1123 813 1186 honestis,
845 1128 876 1177 et
904 1121 1010 1186 idonei,
1040 1127 1075 1176 nt
1104 1123 1273 1193 praefertur,

230 1209 248 1232 ‘⁶
268 1209 430 1277 praehabita
448 1227 564 1280 semper
581 1208 762 1279 probatione,
774 1212 861 1278 prout
878 1206 1015 1277 superins
1027 1211 1073 1260 ert
1084 1222 1274 1276 expressum:

230 1294 248 1316 ‘⁶
268 1310 356 1362 super
376 1292 481 1362 quibus
507 1293 651 1355 omnibus,
671 1297 738 1346 ante
763 1290 962 1362 receptionem
988 1288 1183 1354 sacerdotum,
1204 1307 1276 1359 qno·

229 1378 248 1400 “
268 1376 343 1430 tiens
371 1376 461 1430 luerit
486 1376 627 1437 facienda,
647 1393 700 1444 per
717 1374 965 1429 Archidiaeonnm
983 1384 1125 1438 nostrum,
1146 1375 1197 1444 qui
1217 1381 1276 1438 est,

229 1462 248 1484 “
269 1464 298 1512 et
316 1459 382 1521 erit,
398 1459 640 1514 examinationem
658 1459 722 1512 lieri
741 1459 877 1512 volumus
895 1458 1087 1529 diligentem,
1109 1458 1161 1528 qui
1178 1458 1276 1521 nobie,

229 1545 248 1568 ‘⁴
268 1547 298 1596 ct
316 1542 535 1597 successoribus
553 1542 670 1603 uostris,
686 1543 801 1612 plenam
820 1548 851 1597 et
868 1541 1035 1596 distinctam
1053 1542 1225 1596 relationem
1239 1542 1278 1596 de

229 1628 248 1652 ‘⁶
268 1625 346 1679 omni
365 1643 399 1680 eo
418 1626 495 1697 qnod
520 1625 665 1696 repererit
692 1625 722 1678 in
750 1625 805 1680 hac
824 1632 919 1696 parte,
939 1626 1048 1696 absque
1066 1643 1157 1688 mora,
1178 1626 1278 1680 iacere

229 1712 248 1735 “
268 1714 419 1774 tencatnr;
439 1715 479 1764 nt
491 1715 596 1764 extunc
614 1727 667 1781 per
685 1725 747 1771 nos,
762 1714 792 1763 et
804 1727 988 1765 successores
1006 1715 1130 1771 nostros,
1150 1709 1189 1763 ad
1202 1728 1279 1779 quos·

229 1796 247 1820 ‘⁸
267 1793 339 1850 dicti
357 1794 510 1864 hospitalis
523 1793 686 1865 dispositio,
700 1799 760 1847 tam
778 1793 809 1846 in
827 1792 1030 1865 spiritualibus
1045 1811 1133 1864 quam
1150 1794 1183 1847 iu
1202 1801 1279 1848 tem·

228 1880 248 1904 “
266 1878 425 1948 parielibus,
445 1879 530 1948 pleno
544 1877 612 1949 jure
626 1877 787 1931 dinoscitur
799 1876 954 1947 pertinere,
966 1877 1013 1929 vel
1026 1877 1279 1933 Archidiaconum

229 1963 248 1987 “
268 1969 469 2024 memoratum,
501 1968 600 2016 nostro
638 1967 669 2015 et
698 1978 900 2015 successorum
938 1967 1104 2016 nostrorum
1143 1962 1277 2027 nominc,

229 2047 248 2071 “
268 2046 434 2100 secerdotes
452 2045 619 2115 hujusmodi
638 2044 837 2099 admittantur.

531 2253 580 2316 Dc
604 2252 722 2316 tabita
744 2252 968 2317 Sacerdotem.

264 2401 423 2457 “Fratres
451 2400 616 2455 sacerdotes
643 2400 714 2455 dicti
744 2399 909 2471 hospitalis,
936 2401 1044 2463 tunica,
1072 2403 1277 2472 supertunica,

229 2491 247 2513 ‘⁶
268 2486 397 2547 tabard0,
418 2491 448 2540 ct
466 2485 582 2555 caputio
600 2485 679 2554 nigri
707 2484 822 2549 coloris,
843 2484 880 2538 ad
906 2484 1130 2539 similitudinem
1148 2487 1279 2542 fratrum

229 2574 246 2596 ‘⁶
268 2569 452 2624 sacerdotum
464 2569 564 2622 Beatm
582 2568 685 2622 Mariae
698 2567 734 2621 de
747 2567 853 2630 Pratis,
864 2568 948 2637 juxta
961 2568 1101 2623 Sanctum
1112 2569 1279 2636 Albanum,

230 2659 248 2681 “
269 2671 322 2724 pro
340 2652 442 2707 habitu
468 2653 666 2723 perfruantur.
706 2651 753 2706 Sit
778 2652 967 2722 supertunica
992 2653 1092 2708 clausa
1110 2660 1141 2707 et
1159 2655 1277 2720 talaris,

228 2742 247 2764 “
266 2736 397 2790 manicas
410 2735 520 2789 habens
532 2739 664 2805 tegentes
677 2734 791 2789 cubitos
810 2735 1047 2806 circumquaque.
1078 2737 1192 2792 Tunica
1202 2756 1279 2794 vero

228 2823 247 2848 ‘⁶
267 2821 372 2874 babeat
390 2818 529 2882 manicas,
549 2825 699 2888 protensas
726 2818 763 2874 ad
779 2836 921 2889 pugnum,
940 2838 998 2874 non
1016 2821 1199 2885 consutitias,
1226 2824 1276 2878 vel

228 2909 246 2932 ‘⁴
268 2903 437 2975 aliqualiter
460 2902 621 2957 botonetas.
658 2902 695 2954 In
714 2902 880 2970 equitando.
901 2902 980 2957 cloca
1003 2905 1137 2967 rotunda,
1157 2923 1276 2977 compc-

228 2992 247 3015 “
269 2989 357 3043 tentis
384 2986 587 3057 longitudinis,
608 2986 720 3056 capello
745 2986 838 3055 nigre,
866 2987 957 3050 freno,
984 2988 1157 3053 calcaribus,
1183 2990 1274 3054 botis,

229 3077 247 3099 ‘⁴
268 3078 298 3125 ct
315 3071 381 3125 aliis
400 3069 585 3129 ornamentis,
607 3075 735 3129 utantur,
757 3087 821 3137 quar
840 3087 939 3124 corum
952 3072 1047 3140 magis
1067 3070 1275 3130 ¹couvencrint

230 3161 248 3182 ‘⁴
267 3155 422 3217 honestati,
449 3159 479 3207 et
508 3153 638 3223 praelatis
670 3152 867 3206 sacerdotibus
893 3152 928 3207 de
956 3154 1053 3209 Pratis
1080 3158 1210 3227 apertius
1241 3177 1273 3213 sc

227 3244 245 3266 ¹·
265 3241 452 3293 conforment.

471 3441 520 3505 Dc
549 3440 779 3505 calciamentis
803 3441 1025 3506 litterariorum.

264 3594 282 3617 ‘⁶
305 3590 475 3645 Sacerdotes
486 3590 572 3653 botis,
585 3608 637 3644 seu
650 3588 838 3651 aestivalibus,
858 3595 909 3643 aut
924 3590 1038 3661 caligis,
1056 3590 1136 3661 nigri
1155 3592 1269 3656 coloris,

228 3681 246 3703 “
266 3674 314 3728 vel
331 3672 427 3736 bruni,
448 3691 513 3727 cum
533 3673 710 3728 sotularibus
729 3673 832 3732 bassis,
852 3691 905 3746 pro
922 3673 1119 3729 calciamentis
1139 3681 1267 3742 utantur,

232 3764 249 3786 “
269 3776 322 3830 pro
342 3774 401 3812 suae
420 3756 506 3811 libito
524 3756 692 3811 voluntatis.
732 3756 928 3811 Calciamenta
943 3775 1013 3811 vero
1037 3758 1159 3813 alterius
1181 3779 1268 3829 quam

227 3850 245 3872 ⁶·
265 3842 344 3914 nigri
356 3842 401 3895 vel
421 3841 507 3895 bruni
526 3840 640 3901 coloris
661 3858 714 3895 seu
731 3841 789 3894 alia
801 3858 889 3911 qnam
901 3842 1036 3911 superins
1055 3843 1267 3913 exprimuntur,

229 3933 247 3956 ‘⁶
267 3926 385 3982 omnino
404 3924 606 3979 interdicimus
626 3924 764 3978 iratribus
783 3924 948 3994 capellanis.

315 4115 365 4179 Dc
386 4111 536 4199 pceuaia
559 4109 742 4174 Fratribus
762 4133 828 4196 pro
851 4109 992 4175 vestibus
1013 4112 1179 4180 solvenda.

262 4270 280 4293 ‘⁸
301 4265 376 4320 Cum
395 4263 519 4333 quilibet
541 4262 632 4316 frater
651 4260 784 4314 sacerdos
804 4260 840 4313 de
866 4277 918 4315 suc
935 4261 1053 4331 proprio
1071 4262 1107 4316 de
1125 4266 1271 4330 vestibus,

229 4355 246 4375 ‘¹
268 4347 378 4408 stratis,
399 4357 428 4400 et
455 4344 665 4401 calciamentis.
693 4343 748 4396 sibi
770 4344 799 4396 in
819 4361 871 4397 sna
896 4343 1032 4413 ingressu
1051 4345 1156 4402 debeat
1173 4352 1272 4418 provi-

284 4565 289 4593 ¹
303 4565 439 4612 coni-curri!
454 4564 544 4612 inliti.
559 4563 678 4613 Claudius
691 4563 717 4610 Ε.
731 4560 775 4620 ia,
790 4564 915 4612 corrected
927 4563 990 4613 from
1003 4563 1057 4614 MS.
1071 4565 1137 4614 Nero
1151 4567 1182 4617 D.
1196 4568 1215 4616 i.
