3038 5452
420 725 630 776 uoussrssu
653 724 774 774 ssucrs
796 725 932 774 ussus
1135 709 1200 772 345

157 912 177 938 ‘⁸
198 909 331 966 ‘militas
349 908 508 974 faciendos,
528 914 560 964 et
576 908 653 964 filias
671 908 860 975 maritandas,
881 908 981 980 quieta
998 913 1031 964 et
1048 915 1204 965 exonerata
1232 917 1352 979 Michael,

156 997 177 1022 “
198 996 336 1064 ‘semper
353 993 503 1058 hactenus,
523 992 582 1048 nisi
599 998 714 1048 tantum
733 992 820 1048 dictis
842 999 959 1049 centum
982 992 1095 1059 solidis,
1115 1011 1204 1065 super
1266 984 1327 1034 ²9¹l¹

156 1081 177 1105 “
198 1076 393 1150 ‘Proediotnm
411 1076 522 1131 dudum
539 1077 686 1132 Abbatem
704 1075 782 1132 dicto
800 1095 874 1132 anno
892 1072 1006 1133 decimo
1024 1083 1126 1134 octavo
1150 1078 1204 1132 im·
1243 1049 1341 1167 AAprpt,

157 1165 176 1190 ‘⁴
198 1161 340 1235 ‘provide
359 1161 491 1225 assessis,
512 1166 542 1216 et
558 1159 754 1233 postmodum,
773 1165 916 1233 praetentu
940 1162 1086 1233 generalis
1103 1162 1204 1234 perdo·
1235 1189 1359 1237 last-49.

157 1249 177 1274 “
199 1246 345 1302 ‘nationis
363 1245 521 1318 proediotae,
542 1245 638 1300 eidem
656 1263 750 1317 nuper
767 1246 877 1301 Abbati
901 1246 1043 1312 allocatis,
1063 1246 1202 1310 tenuisse,
1262 1277 1328 1290 —

157 1334 177 1359 ‘⁴
199 1335 251 1386 ‘et
275 1331 311 1386 de
337 1330 406 1401 jure
433 1337 534 1386 tenere
561 1330 676 1394 debere,
696 1337 766 1386 tunc
784 1331 928 1388 exactioni
952 1331 1122 1403 hujusmodi
1145 1329 1205 1385 Ab·

158 1417 177 1442 “
199 1418 207 1441 ‘
221 1415 282 1470 bati
293 1413 434 1486 praedicto
446 1432 499 1486 pro
510 1413 659 1486 praedictis
672 1420 790 1470 centum
802 1414 914 1480 solidis,
928 1415 966 1470 ad
978 1433 1051 1487 opus
1062 1421 1205 1478 nostrum,

158 1501 178 1527 “
199 1500 372 1554 ‘occasione
396 1499 548 1571 praedicta,
570 1498 613 1553 sic
639 1500 734 1562 factoe,
755 1516 808 1554 sen
833 1499 923 1554 etiam
951 1499 1100 1565 faciendae,
1120 1507 1209 1569 prout

159 1586 179 1610 ‘⁶
201 1585 208 1609 ‘
218 1583 334 1654 justum
352 1584 453 1647 suerit,
468 1583 664 1655 supersederi,
679 1589 709 1638 et
718 1583 818 1655 ipsum
835 1583 903 1638 iude
922 1585 1072 1639 exonerari
1086 1591 1115 1640 et
1127 1586 1208 1657 quic·

158 1670 179 1695 “
201 1666 289 1731 ‘tori,
309 1683 343 1721 ac
362 1666 561 1723 districtiones
574 1667 632 1722 sibi
644 1684 679 1721 ea
691 1667 841 1722 occasione
859 1667 952 1722 sectas
970 1668 1106 1733 relaxari,
1121 1670 1208 1724 facia·

158 1754 178 1779 “
200 1751 282 1815 ‘tis;
308 1750 481 1807 allocutione
500 1751 536 1806 dc
555 1758 672 1807 centum
690 1749 793 1806 solidis
810 1751 970 1821 praedictis,
989 1759 1134 1823 praetextu
1157 1772 1209 1824 ge·

159 1838 179 1864 “
199 1835 328 1890 ‘nemlis
347 1834 565 1906 perdonationis
586 1835 735 1906 praedicte)
758 1835 883 1898 incaute,
903 1843 938 1890 ut
960 1836 1160 1906 proemittitur,
1178 1843 1209 1893 et

159 1922 180 1946 ‘⁶
201 1923 257 1974 ‘ex
275 1918 473 1990 simplicitate,
500 1918 544 1974 sic
569 1919 695 1980 obtenta,
715 1936 772 1972 non
794 1917 935 1973 obstante.
971 1919 1058 1974 Teste
1084 1921 1206 1991 meipso,

159 2006 179 2031 “
201 2003 300 2073 ‘apud
317 2001 622 2065 westmonasterium,
642 2000 783 2056 vicesimo
808 2001 935 2056 secundo
953 2001 1001 2056 die
1020 2002 1113 2067 Junii,
1133 2021 1207 2059 anno

158 2090 179 2115 ‘⁸
201 2087 306 2159 ‘regni
324 2085 417 2142 nostri
434 2085 552 2157 Angliae
578 2084 717 2141 vicesimo
744 2084 879 2148 secundo,
908 2086 993 2158 regni
1018 2104 1087 2142 vero
1113 2088 1207 2144 nostri

158 2174 179 2200 ‘⁴
201 2170 354 2226 ‘Francia
371 2170 467 2225 nono!

204 2277 219 2303 ⁰¹
245 2267 291 2334 Et
305 2267 403 2332 modo
419 2267 462 2332 ad
483 2266 685 2352 quindenam
701 2265 835 2333 Paschae
851 2268 945 2333 venit
961 2267 1015 2334 hio
1029 2268 1206 2354 pradictus
1218 2283 1342 2335 Ριοοωᾱ·

157 2379 178 2406 “
200 2369 322 2448 Abbas,
333 2393 390 2457 per
405 2370 588 2437 Robertum
604 2370 645 2435 de
661 2368 1085 2455 Sekyndone,attornatum
1099 2394 1205 2452 suum,
1219 2351 1277 2468 ξιξ
1284 2348 1375 2466 ffl'

160 2481 179 2508 “
201 2478 235 2537 et
258 2473 405 2559 queritur
426 2472 534 2557 ipsum
557 2472 702 2559 graviter
725 2472 911 2538 districtum
934 2496 1002 2540 esse
1028 2496 1088 2562 per
1113 2474 1208 2541 Vice-

160 2583 179 2609 “
201 2575 353 2640 comitem
375 2573 640 2660 Bukynghamiae
662 2595 722 2660 pro
745 2580 877 2640 centum
896 2577 1016 2656 solidis,
1032 2578 1129 2643 abeo
1152 2600 1209 2643 ex-

160 2685 179 2711 “
201 2677 284 2742 actis
305 2698 365 2763 pro
387 2675 512 2740 auxilio
539 2676 622 2762 Regi
648 2697 737 2742 nunc
758 2677 802 2741 ad
824 2678 1078 2764 primogenitum
1102 2679 1209 2745 filium

160 2784 179 2813 “
201 2800 296 2843 snum
311 2778 451 2843 militem
465 2777 658 2855 faciendum,
673 2798 761 2843 anno
779 2779 871 2866 regni
893 2781 944 2845 sui
966 2782 1120 2848 vicesimo
1135 2804 1209 2848 oon·

161 2890 179 2916 “
201 2880 361 2958 eludente,
384 2879 545 2957 videlicet,
569 2879 622 2945 die
653 2880 756 2946 Lunae
786 2881 937 2967 proxima
968 2894 1043 2970 post
1073 2884 1208 2950 Festum

162 2993 180 3019 ‘⁸
202 2983 402 3049 Nativitatis
418 2983 531 3048 Beatae
545 2982 669 3060 Mariae,
679 2983 806 3048 ratione
815 2988 977 3049 terrarum
992 2992 1027 3051 et
1043 2990 1208 3052 tenemen-

161 3095 179 3120 “
202 3092 311 3152 torum
335 3105 469 3150 suorum
492 3085 528 3148 in
551 3083 785 3171 Grenesburgh
808 3091 842 3150 et
857 3085 1069 3171 Wynslowe;
1091 3093 1126 3153 et
1148 3088 1209 3154 hoc

162 3196 181 3223 ‘⁴
203 3187 334 3274 injuste,
357 3186 436 3273 quia
458 3186 540 3251 dicit
562 3185 649 3271 quod
672 3186 742 3272 ipse
764 3187 922 3273 praedioto
944 3209 1031 3252 anno
1054 3189 1209 3255 vicesimo

163 3300 182 3326 “
204 3289 324 3366 tenuit,
348 3294 382 3354 et
404 3289 554 3353 tenetis
578 3288 741 3374 praesenti,
757 3292 792 3353 et
814 3288 1064 3374 praedecessores
1086 3292 1138 3357 sui
1159 3298 1208 3359 te-

163 3401 181 3427 “
204 3396 350 3459 nuerunt
373 3413 393 3455 a
415 3395 563 3476 tempore
594 3412 659 3477 qno
689 3412 757 3455 non
789 3395 882 3456 extat
909 3392 1075 3472 memoria,
1098 3396 1209 3461 omnia

162 3504 180 3532 “
203 3501 308 3561 terras
323 3503 358 3560 et
380 3499 572 3559 tenemento
586 3516 645 3559 sua
661 3494 698 3557 in
713 3493 804 3557 villis
818 3493 995 3579 praedictis‚
1011 3495 1047 3560 in
1062 3496 1208 3576 liberum,

161 3605 182 3633 “
203 3618 330 3684 puram,
359 3601 394 3661 et
423 3601 619 3682 perpetuam
656 3595 908 3680 eleemosynam,
936 3597 1060 3684 absque
1097 3600 1208 3686 aliquo

163 3700 340 3765 “servitio
364 3697 509 3774 militari,
525 3719 582 3762 seu
608 3696 764 3774 saeculari,
779 3718 839 3783 pro
864 3697 961 3763 terris
983 3703 1018 3765 et
1043 3706 1209 3767 tenemen-

165 3802 249 3866 “tis
274 3802 343 3865 suis
370 3799 527 3876 faciende,
558 3820 615 3863 seu
639 3798 805 3884 aliquibus
838 3800 975 3866 auxiliis
1003 3803 1210 3888 hujusmodi;

164 3902 348 3990 “exceptis
372 3901 538 3987 praedictis
561 3907 695 3966 centum
719 3900 832 3966 solidis
857 3904 990 3969 assessis
1014 3927 1111 3991 super
1139 3906 1210 3971 Ab.

165 4016 183 4043 “
204 4005 316 4072 batem
339 4003 402 4069 loci
418 4003 576 4090 praedicti,
602 4002 759 4088 praedicto
783 4026 871 4069 anno
895 4011 1012 4070 octavo
1026 4006 1159 4084 decimo,
1174 4017 1209 4074 et

165 4118 183 4145 ‘⁸
206 4107 418 4196 postmodum
433 4105 633 4192 perdonetis.
679 4105 724 4168 Et
747 4106 892 4171 ostendit
908 4106 1018 4173 Curiae
1033 4109 1209 4193 quamdam

166 4210 355 4277 “chartam
379 4209 419 4273 de
443 4208 691 4273 confirmatione
718 4207 819 4293 Regis
844 4208 1009 4285 Edwardi,
1025 4210 1081 4274 avi
1095 4214 1209 4290 nostri,
1269 4269 1270 4273 ,

166 4323 183 4349 “
206 4314 242 4378 in
269 4334 335 4397 qua
357 4310 481 4376 ohurtae
499 4310 627 4396 Regum
652 4308 788 4373 Henrici
811 4315 845 4373 et
860 4310 992 4374 Ricardi
1007 4316 1211 4379 annotantur

167 4425 184 4451 “
207 4420 241 4481 et
268 4414 525 4491 confirmantur;
557 4410 648 4496 cujus
674 4410 798 4475 chartae
828 4413 1086 4478 confirmationis
1116 4419 1212 4481 tenor

167 4528 184 4553 “
207 4517 364 4603 sequitur,
388 4516 423 4580 in
450 4514 519 4579 haec
540 4511 859 4598 verba—Sequitur
876 4512 1009 4591 Chatta,
1032 4522 1062 4580 et
1085 4524 1209 4585 caetcru.

167 4631 185 4656 “
209 4621 254 4687 Et
283 4620 370 4707 petit
399 4619 440 4684 de
463 4617 553 4682 dicto
573 4615 709 4692 auxilio,
732 4615 775 4680 ab
797 4636 836 4680 eo
865 4617 913 4682 sic
941 4624 1067 4699 exacto,
1090 4640 1212 4687 exone·
