3038 5452
319 700 361 763 86
694 709 801 760 orsrl
823 708 983 759 unsrun

164 905 298 966 Jonnw,
318 899 490 977 Praeterea
505 899 617 964 omnia
639 919 737 985 opera
759 897 946 983 ¹hyemslia
967 916 1026 985 per
1048 897 1223 984 predictos
1233 900 1377 986 juratos

186 973 281 1101 ffi,
320 1003 363 1067 ad
386 1008 513 1069 eertum
536 1004 679 1088 pretium
703 1002 780 1066 fecit
803 1002 920 1066 taxari.

198 1105 266 1156 AD·
367 1107 431 1171 Pro
461 1106 580 1194 quibus
613 1103 867 1193 gravaminibus,
899 1103 1036 1184 damnis,
1061 1110 1096 1170 et
1129 1104 1273 1190 injuriis,
1304 1127 1379 1172 non

180 1177 284 1278 ¹³„⁰{',⁸‘
323 1208 530 1274 mediocriter
551 1212 718 1296 gravatus,
751 1205 914 1272 Dominus
945 1205 1115 1271 Jobannes
1148 1206 1190 1273 de
1220 1206 1379 1295 Herm,

153 1306 310 1357 Atmmohn
322 1310 534 1398 permissione
568 1310 691 1388 divina,
714 1308 827 1374 Abbss
858 1308 1054 1374 Monasterii
1088 1308 1203 1375 Sancti
1237 1310 1379 1391 Albani,

153 1382 266 1490 iffi?
323 1416 474 1481 Fratrem
488 1415 512 1479 J
513 1415 674 1479 ohannem
686 1410 728 1478 de
744 1411 954 1491 Stevenecbe,
971 1411 1241 1479 commonachnm
1264 1435 1378 1495 sunm,

154 1507 430 1624 ‘slfflvzm‘lzffivirum
452 1518 627 1606 providum
657 1522 692 1581 et
722 1514 907 1592 discretum,
930 1514 1077 1581 Priorem
1100 1515 1200 1582 Colle
1227 1538 1301 1585 suae
1332 1519 1379 1586 de

154 1647 181 1689 to
192 1641 234 1689 the
322 1621 569 1707 Wymundham
585 1619 752 1706 praefecit3
775 1623 810 1682 et
826 1617 968 1683 Domino
986 1616 1036 1682 W.
1053 1617 1093 1681 de
1109 1617 1305 1702 Karletone‚
1320 1622 1380 1687 cui

153 1706 293 1836 {flym-
321 1725 471 1789 custodia
493 1723 589 1789 diotre
606 1722 713 1798 Cellae,
729 1721 861 1785 nomine
878 1721 1015 1787 Domini
1038 1720 1145 1808 Regis,
1160 1721 1272 1787 fuerat
1287 1744 1381 1790 oom-

153 1839 220 1890 hsm.
320 1827 426 1904 misse,
449 1827 576 1892 ratione
607 1825 742 1889 minoris
771 1824 881 1889 aetatis
909 1824 969 1888 filii
998 1828 1033 1889 et
1062 1824 1201 1891 heredis
1233 1826 1380 1893 Domini

96 1925 100 1933 ’
321 1930 460 1997 Roberti
493 1930 533 1995 dc
573 1927 753 2006 Tarsensis,
787 1927 876 2013 opud
899 1927 1083 2001 Eboracum
1115 1929 1259 1995 eundem
1277 1950 1374 2018 pras·

321 2035 475 2113 sentevit,
499 2034 535 2096 in
559 2032 647 2096 hunc
668 2030 857 2096 modum.-

320 2289 371 2355 Dc
410 2310 495 2376 pecc
531 2287 622 2354 inter
658 2293 885 2352 memoratum
921 2283 1083 2353 Abbelcm
1119 2293 1149 2353 ct
1185 2287 1379 2360 &mam

412 2389 608 2478 Talyshallc,
631 2390 830 2456 acieoeetum
860 2389 899 2454 dc
935 2388 1194 2474 Wymeadlam,
1214 2387 1378 2462 baem

410 2493 589 2579 cujusdam
604 2492 815 2561 liberationis
833 2492 943 2579 panis
956 2499 985 2558 ct
1008 2490 1180 2563 ”cervisie
1200 2514 1265 2581 per
1287 2519 1377 2565 suaa

410 2595 486 2663 dem
508 2606 633 2664 ecoetoe.

157 2767 275 2818 Notifiea-
362 2757 381 2780 ‘⁴
401 2753 583 2809 Veneranda
610 2751 794 2808 discretionis
822 2751 895 2816 viro,
923 2751 1048 2807 Domino
1073 2751 1120 2807 W.
1147 2752 1185 2809 de
1215 2752 1374 2826 Karltone,

156 2834 250 2884 nonos
327 2842 345 2865 “
366 2838 523 2902 lohannes,
543 2837 734 2908 permissione
753 2835 860 2901 divina,
880 2836 979 2892 Abbas
1003 2836 1175 2893 Monasterii
1200 2837 1302 2896 Sancti
1320 2842 1378 2898 Al·

156 2901 283 2980 suehpre-
327 2928 344 2951 “
364 2924 441 2989 bani,
469 2924 602 2986 salutem,
631 2940 697 2978 cum
723 2922 841 2976 honore.
888 2920 963 2990 Quis
987 2921 1119 2977 Fratrem
1145 2921 1310 2980 Johsnnem
1335 2926 1376 2983 de

155 2978 280 3084 ξξῖἳέοῃ
326 3013 344 3036 “
366 3008 555 3073 Stevcnache,
568 3008 664 3063 virum
683 3008 836 3062 honestum
855 3010 884 3060 et
902 3006 1047 3071 idoneum,
1062 3007 1246 3079 prefecimus
1265 3010 1298 3065 in
1309 3008 1375 3067 Pri·

156 3101 304 3165 King’sEs-
326 3098 344 3120 “
364 3112 444 3149 orem
463 3093 552 3149 Cellae
578 3100 685 3148 nostre
705 3093 740 3147 de
762 3089 987 3163 Wymundham,
1009 3090 1140 3146 vacantis
1165 3108 1218 3163 per
1244 3098 1374 3152 mortem

157 3167 263 3219 chelm·
325 3183 343 3206 ‘⁶
363 3179 476 3235 Fratris
493 3177 575 3243 Adae,
590 3179 721 3243 Prioris;
748 3177 832 3247 cujus
854 3174 945 3230 Gella
961 3172 1101 3240 custodie,
1115 3177 1227 3232 ratione
1246 3178 1373 3238 minoris

325 3268 342 3290 ‘¹
362 3265 457 3319 etatis
476 3263 606 3326 Roberti,
626 3263 680 3316 filii
699 3270 729 3316 et
745 3259 871 3316 haeredis
890 3259 1008 3314 Domini
1020 3259 1142 3314 Roberti
1154 3260 1191 3315 ds
1203 3260 1371 3332 Tatesbsle,

325 3353 342 3374 “
363 3348 495 3403 advocati
514 3347 600 3401 dicte)
614 3345 713 3410 Cellas,
726 3363 819 3415 nuper
837 3344 977 3409 defuncti,
990 3362 1043 3416 per
1055 3343 1207 3399 dominnm
1220 3354 1368 3416 nostrum,

325 3435 343 3458 “
363 3430 485 3502 Regem,
504 3437 591 3501 prout
609 3429 816 3492 intelleximus,
837 3428 918 3483 vobis
943 3435 988 3483 est
1011 3429 1096 3500 pleno
1117 3429 1185 3500 jure
1203 3433 1372 3499 commisse,

325 3518 343 3541 “
363 3523 467 3570 vestrm
486 3512 653 3570 reverende
673 3512 841 3567 discretioni
855 3512 1061 3583 supplicamus,
1075 3520 1219 3584 quatenus
1233 3516 1371 3586 eundem,

325 3604 343 3626 ‘⁴
364 3600 388 3654 si
407 3600 511 3671 placet,
523 3597 683 3652 admittatis
702 3602 732 3650 et
750 3598 916 3667 acceptetis,
938 3603 968 3651 et
985 3597 1017 3651 in
1035 3596 1113 3653 dicto
1137 3597 1281 3665 Prioratu,
1301 3619 1373 3659 cum

326 3688 343 3710 ‘⁸
363 3684 557 3754 pertinentiis,
590 3682 666 3737 sicut
695 3680 787 3745 decet,
819 3681 910 3736 libere
941 3681 1144 3738 edministrare
1179 3685 1372 3756 permittetis.

325 3771 343 3794 ‘⁴
364 3767 448 3822 Vale.
486 3767 594 3821 Datum
606 3765 684 3837 apud
697 3766 835 3820 Sanctum
847 3765 1002 3831 Albanum,
1013 3767 1044 3822 iu
1057 3767 1174 3823 Octavis
1186 3768 1370 3840 Epiphaniae,

327 3855 346 3879 “
367 3871 440 3907 anno
457 3851 597 3920 ejusdem,
618 3850 775 3905 millesimo
793 3851 997 3906 trecentesimo
1015 3851 1132 3907 tertio.”

157 3962 306 4014 TheAbbot
371 3935 554 4002 Praedictus
577 3934 753 4012 Jobannes,
776 3957 834 4021 pro
857 3940 948 4000 statu
972 3940 1005 4000 et
1028 3935 1238 4003 libertatibus
1261 3937 1373 4007 Eccle·

159 4031 281 4080 ⁰b¹³l¹¹⁵³
327 4040 383 4106 siae
408 4039 521 4106 Sancti
544 4038 676 4117 Albani,
700 4045 799 4124 atque
823 4038 921 4105 Cellae
952 4038 992 4103 de
1015 4039 1261 4125 Wymundbam
1287 4065 1372 4129 pne·

156 4096 305 4213 lillailaton
327 4145 432 4223 dictae,
455 4143 628 4221 salvandis,
653 4163 781 4207 necnon
805 4149 938 4229 propter
962 4144 1142 4208 occasiones
1165 4144 1264 4212 diclae
1287 4170 1372 4234 prae-

157 4230 289 4361 ifriirtyheof
326 4246 521 4313 sentationis
547 4244 812 4322 manifestandas,
836 4246 1043 4311 munimenta
1073 4247 1224 4313 Ecclesiae
1255 4248 1372 4318 Sancti

1276 4405 1370 4415 --·—-

362 4497 368 4525 ¹
379 4493 587 4559 yenclloinMS.
872 4500 982 4545 context.
1029 4496 1076 4546 See
1103 4510 1179 4561 peges
1206 4502 1237 4546 64
1258 4501 1309 4550 and
1329 4507 1372 4566 8³,

359 4574 369 4606 ²
382 4575 444 4624 This
454 4574 551 4639 portion
560 4575 590 4624 of
597 4573 740 4625 theRnbric
749 4586 827 4623 seems
872 4580 936 4623 ante.

332 4654 359 4704 in
376 4654 464 4718 reality
482 4662 507 4704 to
524 4655 597 4719 apply
614 4664 640 4704 to
660 4670 675 4703 a
693 4653 826 4718 preceding
907 4653 1031 4703 'servicio
1042 4652 1068 4704 ln
1080 4652 1135 4707 ΜΒ.
