3038 5452
328 672 395 735 380
708 684 815 733 cussa
838 683 1004 735 sanarum

177 880 296 941 Thomas,
327 867 478 946 eeclesias,
494 867 653 953 expendit
677 867 851 954 sexaginta
867 872 901 932 et
917 867 1028 932 decem
1043 867 1155 933 libras.
1197 863 1296 934 Circa
1309 887 1388 932 oon·

187 948 283 1074 Affi,
326 970 541 1035 structionem
563 992 642 1035 vero
669 970 883 1035 aedifioiorum
913 969 1001 1034 infra
1031 969 1230 1047 Prioratum,
1263 975 1387 1057 praeter

200 1079 266 1131 ΔΙ).
326 1072 392 1136 alia
415 1073 545 1137 minuta
574 1095 680 1157 opera,
703 1072 868 1150 videlicet,
892 1072 977 1137 circa
1007 1071 1262 1138 aedificationem
1286 1094 1385 1138 novae

176 1151 413 1239 iassesb.
501 1176 511 1213 1
636 1177 642 1190 .
750 1177 756 1189 .
900 1176 906 1189 .
1170 1175 1177 1188 .

349 1197 476 1255 ramme,
523 1182 706 1263 nonagrnta
735 1175 846 1253 libras,
881 1197 966 1241 cuca
998 1180 1279 1241 constructronem
1304 1175 1378 1240 dor-

157 1281 268 1342 thereos,
329 1278 462 1353 mitorii,
497 1277 666 1364 octoginta
699 1283 824 1363 septem
857 1278 967 1355 libras,
998 1277 1168 1365 expendit.
1216 1276 1382 1342 Redditus

158 1348 208 1397 aud
218 1361 285 1412 upon
362 1381 368 1394 .
521 1380 528 1393 .
719 1381 725 1394 ,
1015 1380 1022 1394 ,
1361 1379 1370 1393 Ο

158 1413 231 1463 other
325 1386 425 1444 et1am
450 1387 548 1444 auxrt
584 1380 624 1443 de
648 1385 744 1444 tersus
776 1386 810 1444 et
844 1385 1041 1445 tenementis
1064 1402 1123 1467 per
1149 1401 1225 1444 eum
1255 1401 1384 1466 perqur·

158 1481 278 1596 poemat
326 1483 407 1558 sitis,
439 1483 481 1547 ad
511 1504 672 1547 summam
701 1483 844 1569 triginta
870 1483 1015 1569 quinque
1046 1483 1217 1561 librarum,
1241 1488 1385 1569 quatuor

158 1563 252 1664 mffi,
326 1585 631 1663 solidorusu,decem
648 1586 862 1662 denariorum,
891 1591 925 1650 et
952 1586 1049 1650 unius
1075 1585 1173 1665 oboli,
1196 1585 1383 1650 annuatim·

157 1679 237 1796 roffi
327 1690 462 1755 Summa
485 1710 562 1753 vero
585 1688 730 1752 omnium
765 1710 982 1774 expensarum
1015 1711 1073 1774 per
1104 1711 1179 1753 eum
1210 1688 1381 1763 factarum,

157 1811 281 1864 consideo
326 1791 368 1856 ad
400 1791 624 1855 ²commodum
667 1791 864 1877 supradictae
900 1791 1050 1866 ecclcsiae,
1088 1790 1131 1854 ad
1172 1791 1381 1876 octingentas

157 1880 285 1997 ἔξω
324 1893 500 1979 sexaginta
522 1898 662 1978 quatuor
683 1892 784 1957 libros
806 1915 840 1958 se
863 1892 1023 1958 extendit.

160 2011 265 2078 byhim.
369 1995 411 2059 In
442 1995 629 2078 hujusmodi
653 1995 791 2074 actibus,
814 1996 1044 2081 continuisque
1060 1994 1273 2081 profectibus,
1290 1994 1379 2082 apud

157 2079 297 2210 ffieffi
325 2098 568 2184 Tynemutham
584 2097 824 2163 consummavit
836 2097 959 2162 Prioris
975 2097 1116 2162 officium
1131 2119 1251 2163 novem
1267 2098 1380 2169 annm

157 2227 185 2262 as
196 2211 271 2262 Prior
327 2201 495 2288 equibus,
520 2205 559 2264 ut
581 2200 806 2286 praemittitur,
829 2206 896 2264 tres
918 2199 1041 2286 primos
1065 2221 1176 2276 annos,
1201 2199 1380 2265 necessarie

159 2278 286 2402 ‘l’lfoffl'
326 2302 523 2389 placitando,
554 2303 718 2389 transegit
748 2302 783 2365 in
815 2303 944 2389 magnis
975 2303 1137 2389 angustiis
1175 2308 1210 2366 et
1247 2302 1377 2379 labore;

158 2411 271 2461 throeof
326 2410 393 2470 tres
429 2427 507 2470 vero
546 2405 670 2470 medios
703 2404 739 2468 in
771 2405 882 2469 studio
913 2405 1113 2491 praedicandi
1143 2404 1283 2470 verbum
1306 2404 1377 2481 Dei,

158 2476 297 2527 uhiehare
421 2507 428 2521 ·
492 2507 498 2521 ·
705 2508 712 2521 ·
968 2509 975 2523 .

158 2543 269 2607 spontin
327 2512 395 2572 tarn
419 2531 454 2571 rn
477 2509 591 2595 lingua
614 2508 753 2593 Anghca
776 2530 873 2593 quam
900 2508 1126 2572 Latina—Ac
1150 2513 1286 2594 propter
1307 2508 1376 2587 hoc,

158 2609 434 2688 uituouon,300um
459 2610 603 2674 detinuit
629 2631 755 2695 semper
788 2610 920 2674 clericos
949 2616 983 2674 et
1015 2610 1201 2697 magistros,
1224 2616 1295 2674 tam
1317 2631 1376 2674 saa

157 2676 296 2809 {ll-{2313
326 2713 444 2778 cularis
466 2712 608 2791 habitus,
631 2734 730 2798 quam
754 2712 886 2777 Ordinis
919 2713 1188 2792 Mendioantium,
1213 2713 1270 2798 qui
1303 2734 1375 2777 eum

157 2809 280 2929 marl
328 2816 430 2881 etiarn
446 2815 482 2879 in
504 2815 566 2879 hoc
591 2837 687 2902 opere
709 2814 955 2880 ³inlormarent.
1002 2814 1102 2880 Unde
1125 2816 1266 2902 contigit
1289 2815 1375 2902 quod

158 2915 286 2996 ercurio
328 2925 447 3007 expost
469 2919 576 2984 factus
599 2918 712 2982 Abbas
746 2919 782 2981 in
805 2924 959 3004 promptu
987 2917 1114 2994 habuit,
1137 2923 1238 3003 atque
1269 2919 1375 2996 scivit,

154 3009 315 3129 ffiffl&
330 3024 415 3089 unde
431 3021 590 3110 proferret
604 3043 691 3085 nova
713 3026 747 3084 et
763 3027 884 3097 vetera,
906 3027 976 3085 tam
1000 3021 1068 3085 suis
1083 3020 1261 3099 monachis,
1277 3043 1374 3106 quam

156 3142 311 3209 ingrepairs.
326 3127 480 3191 externis.
518 3124 607 3188 Nam
630 3145 704 3187 cum
728 3124 835 3187 iactus
850 3128 934 3187 esset
957 3123 1139 3191 Praesidens
1160 3124 1196 3187 in
1213 3123 1374 3209 Capitulis

328 3228 554 3303 Generalibu3‚
571 3232 641 3292 tem
665 3231 853 3290 constanter
875 3225 1077 3311 prsedioavit,
1094 3232 1162 3289 tem
1186 3231 1374 3290 constanter

324 3331 444 3408 docuit,
462 3329 543 3415 quid
565 3328 731 3416 agendum
754 3327 929 3401 monachia,
953 3332 992 3392 ut
1007 3328 1152 3392 savorem
1176 3332 1211 3391 et
1232 3328 1373 3413 gratiam

323 3432 387 3496 sibi
409 3430 620 3497 ‘conciliaret
643 3431 788 3494 omnium
813 3429 1009 3494 auditorum.
1048 3429 1245 3494 Novissimis
1267 3426 1373 3494 tribus

325 3533 421 3598 annis
443 3534 564 3618 quibus
588 3533 677 3619 apud
709 3531 952 3617 Tynemutham
976 3531 1099 3595 Prioris
1130 3531 1198 3617 egit
1222 3531 1372 3609 officium,

326 3657 493 3701 murorum
521 3640 554 3700 et
580 3636 752 3700 domorum
775 3635 1043 3720 reparationibus,
1064 3634 1134 3697 sive
1157 3636 1373 3700 constructio-

326 3740 430 3814 nibus,
455 3761 523 3803 non
546 3738 690 3823 segniter
713 3736 888 3803 insudavit.

156 3877 219 3927 This
370 3843 458 3907 Dum
481 3841 571 3904 nitor
594 3840 786 3903 continuare
809 3840 982 3904 materiam
1003 3839 1258 3925 magnificentiae
1275 3838 1372 3923 hujus

158 3952 266 4023 account
324 3944 519 4009 venerabilis
528 3942 601 4022 viri,
618 3942 760 4021 Thomas,
774 3942 895 4006 Prioris
910 3943 950 4006 de
971 3941 1190 4026 Tynemuthu,
1206 3941 1372 4027 paulisper

156 4011 275 4138 ἓξὲξ,
323 4046 500 4112 necessarie
533 4067 552 4108 a
582 4045 720 4108 materia
752 4067 823 4108 sum
855 4043 1027 4130 digressus,
1059 4043 1115 4108 sed
1141 4042 1214 4127 jorn
1247 4043 1370 4128 stylum

156 4142 275 4258 ffl'ssm·
323 4156 450 4214 vertam
474 4148 517 4212 ed
540 4169 578 4211 ea
601 4168 675 4232 quse
698 4152 806 4233 coepto
828 4146 946 4210 dimisi.

359 4417 365 4448 ¹
380 4416 553 4481 noerapinpinta
567 4413 594 4464 in
606 4413 661 4464 MS.
890 4415 904 4442 ’θ
916 4412 1101 4476 iujirrmarcrenl
1111 4410 1137 4461 ln
1149 4411 1206 4463 MS.

357 4496 367 4527 ‘³
379 4494 503 4544 comodum
516 4494 545 4543 in
557 4493 613 4545 MS.
662 4552 666 4561 Ι
899 4490 905 4521 ¹
917 4489 1061 4539 consiliare!
1073 4491 1099 4540 in
1112 4490 1170 4541 MS.
