3038 5452
425 716 640 772 uoussrnrn
662 719 783 771 sinorr
806 720 942 771 sonum
1138 707 1200 772 391

160 902 289 971 videret
326 906 516 973 Oordinoles
553 911 587 971 et
622 907 777 993 quosdam
816 907 856 972 de
893 907 994 972 Ourie
1030 907 1203 995 diligenter
1236 919 1353 985 morsu,

158 1011 305 1074 attentos
327 1011 370 1074 ad
393 1009 592 1075 audiendum
614 1014 649 1075 et
671 1010 851 1075 videndum
873 1009 1003 1075 cuinam
1017 1011 1107 1098 Papa
1129 1030 1203 1098 pro-
1241 986 1336 1106 ‘effi‘

158 1110 285 1177 videret
300 1112 341 1177 de
363 1111 421 1177 illo
437 1112 597 1188 Prioratu,
620 1111 745 1199 Pupam
760 1108 770 1148 ¹
784 1113 922 1200 supplex
935 1112 1027 1191 adiit,
1043 1119 1077 1179 et
1100 1114 1142 1178 ab
1165 1135 1202 1179 eo
1258 1122 1327 1173 AD.

158 1213 289 1279 Bullam
311 1214 501 1301 impetravit
521 1216 562 1279 de
577 1214 710 1280 licentia
732 1215 916 1280 conferendi
931 1216 1055 1281 dictum
1078 1216 1204 1282 Priore·
1229 1192 1351 1296 ¹⁸⁴⁹—'⁹⁶·

159 1322 231 1381 tum
264 1318 323 1381 uni
357 1317 398 1382 de
429 1318 496 1382 suis
530 1315 699 1381 monachis
730 1338 769 1382 ee
797 1318 886 1397 vice;
917 1322 952 1383 et
975 1340 1013 1382 eo
1038 1319 1202 1385 occasione
1214 1324 1289 1388 Pope,
1300 1323 1370 1374 leave

157 1424 306 1485 servatus
334 1425 384 1485 est
414 1420 503 1486 locus
528 1419 584 1484 ille
610 1442 631 1482 n
659 1418 917 1505 praedatiouibus
944 1397 1353 1507 ²Harpyiorum.f‚‘}1{'f‚‘}⁸{¹j¹„t

159 1519 263 1606 Cujus
285 1520 420 1607 quidem
443 1521 547 1588 Bullae
570 1527 669 1586 tenor
692 1522 848 1608 sequitur,
873 1521 908 1586 in
929 1522 999 1589 heec
1021 1523 1175 1589 verba-
1214 1523 1357 1656 32&ng

1215 1654 1335 1721 olTyne.

223 1765 329 1833 Bulla
351 1766 498 1832 Domini
520 1767 626 1852 Pcpoe
648 1789 749 1853 &uper
770 1769 917 1835 motem
935 1777 1136 1856 mmm·
1214 1723 1308 1774 mortu

195 1924 214 1948 “
235 1920 380 1986 Clemens,
399 1921 572 1992 Episcopus,
594 1938 697 1976 servus
724 1937 876 1976 servorum
901 1921 967 1988 Dei,
996 1922 1103 1979 dilecto
1132 1923 1201 1989 filio,
1215 1925 1318 1977 Bullof

157 2009 177 2031 “
200 2005 328 2070 Thomae,
360 2003 469 2060 Abbati
498 2003 670 2059 Monasterii
702 2003 801 2059 Sancti
831 2003 948 2068 Albani,
975 2005 1013 2060 ad
1043 2006 1203 2061 Romanam
1214 1992 1283 2056 Pope
1294 1994 1351 2045 (Ἀθ-

155 2093 175 2116 “
196 2087 317 2144 Gnriam
342 2088 424 2143 nullo
441 2089 538 2143 medio
563 2089 746 2159 pertinentis,
767 2087 884 2143 Ordinis
912 2089 1012 2144 Sancti
1039 2090 1200 2156 Benedicti,
1214 2060 1351 2137 ment-Vb

156 2175 176 2199 ‘⁴
197 2171 409 2228 Lincolniensis
435 2171 591 2237 Dioeoesis,
621 2171 745 2227 salutem
763 2175 793 2226 et
810 2170 1009 2243 Apostolicam
1026 2173 1202 2230 benedictio-
1214 2133 1339 2244 fflffi

155 2260 176 2283 ‘⁸
195 2273 272 2311 nem.
316 2255 480 2326 Religionis
511 2256 602 2320 zelus,
623 2256 743 2311 sineerae
767 2253 928 2312 devotionis
954 2256 1084 2322 affectus,
1116 2276 1202 2330 quem

157 2344 177 2367 ‘¹
198 2339 236 2394 ad
253 2357 306 2395 nos
325 2345 355 2395 et
372 2339 533 2394 Romnum
550 2339 630 2411 geris
656 2338 828 2404 Ecclesiam,
841 2356 899 2394 non
916 2338 1036 2410 indigne
1054 2347 1204 2399 merentur

157 2429 178 2451 “
197 2430 233 2479 ut
244 2422 325 2478 illam
338 2423 393 2478 tibi
406 2424 532 2494 gratiam
543 2423 670 2478 libenter
688 2422 888 2488 concedamus,
902 2441 956 2495 per
974 2441 1061 2495 quam
1080 2425 1132 2480 alii
1149 2427 1204 2482 sub

155 2511 176 2535 ‘⁸
196 2507 329 2580 regulari
354 2508 538 2563 observantia
562 2507 708 2562 virtutum
736 2506 860 2562 Domino
886 2506 1040 2563 famulanti
1059 2514 1088 2565 te
1105 2509 1204 2566 valeas

157 2596 177 2619 “
198 2591 322 2647 reddere
341 2592 515 2664 gratiosum.
555 2590 630 2646 Cum
648 2590 748 2662 itaque
760 2608 853 2662 nuper
866 2589 901 2646 de
913 2609 1037 2664 persona
1048 2597 1107 2659 tua,
1121 2594 1205 2651 uobis

156 2681 177 2703 ‘⁴
197 2682 228 2731 et
244 2673 420 2747 Apostolicae
439 2673 518 2741 Seu,
532 2674 591 2729 tuis
610 2675 794 2746 exigentibus
812 2675 935 2741 meritis,
950 2681 1077 2748 accepta,
1090 2677 1206 2736 Monas-

155 2764 176 2787 “
197 2758 272 2814 torio
297 2759 397 2814 Sancti
422 2757 540 2822 Albani,
559 2758 689 2829 praefetae
709 2757 779 2813 sedi
805 2759 973 2815 immediate
990 2760 1132 2832 subjecto,
1152 2758 1205 2818 Orss

154 2848 175 2870 ‘⁸
195 2843 273 2897 diuis
293 2842 393 2898 Sancti
412 2842 574 2906 Benedicti,
594 2838 806 2913 Lincolniensis
825 2842 977 2908 Dioecesis‚
991 2848 1060 2899 tuno
1078 2846 1202 2912 vacanti,

156 2932 176 2954 ‘⁴
197 2927 367 2982 duxerimus
404 2923 626 2996 providendum,
658 2925 851 2996 praeficientes
888 2931 917 2981 te
952 2927 1047 2982 eidem
1089 2927 1204 2985 Monas-

156 3015 176 3039 “
197 3011 271 3066 terio
289 3011 321 3064 in
338 3008 499 3074 Abbatem3
531 3015 561 3064 et
586 3015 751 3080 propterea,
771 3008 922 3065 Prioratus
941 3008 1148 3066 Conventualis
1166 3012 1202 3067 de

155 3100 175 3122 “
195 3091 387 3165 Tynemutha,
423 3092 496 3147 dicti
515 3090 643 3157 Ordinis,
664 3091 870 3148 Dunelmensis
900 3093 1051 3158 Dioeeesis‚
1083 3112 1101 3148 a
1128 3093 1205 3150 dicto

156 3183 175 3206 ‘⁶
195 3178 373 3234 Monasterio
402 3175 577 3246 dependens,
598 3182 628 3231 et
645 3194 697 3247 per
727 3177 819 3247 ipsius
846 3173 1017 3230 Monasterii
1046 3178 1202 3233 monachos

156 3262 301 3317 “solitus
320 3260 486 3331 gubernari,
508 3276 595 3330 quam
622 3259 790 3329 hujusmodi
813 3259 988 3330 provisionis
1005 3265 1135 3331 tempore
1154 3262 1202 3316 ob-

155 3348 176 3374 “
195 3345 322 3411 tinebss‚
359 3344 437 3399 siout
474 3342 569 3398 adhuc
609 3343 753 3411 obtines„
772 3343 989 3414 quamprimum
1019 3343 1202 3401 administra·

156 3432 176 3457 ⁴‘
195 3429 306 3486 tionem
324 3429 467 3483 bonorum
485 3423 558 3482 dicti
575 3425 758 3492 Monasterii,
778 3426 882 3497 vigore
906 3425 1083 3496 provisionis
1102 3427 1202 3500 hujus·

156 3517 175 3541 ‘⁸
195 3513 283 3578 modi,
309 3512 401 3567 fueris
431 3511 550 3584 pacifice
569 3515 730 3575 assecutus,
761 3527 865 3566 vacare
895 3511 1200 3581 ’speraretur—Nos,

155 3600 175 3624 “
195 3597 255 3654 tuis
272 3597 304 3651 in
321 3594 376 3650 bae
394 3600 477 3666 parte
503 3594 765 3665 supplicationibus
791 3592 934 3658 inolinati,
956 3594 1124 3650 conferendi
1147 3597 1202 3654 hac

157 3685 176 3709 ‘⁶
196 3681 261 3736 vioe
290 3679 461 3734 auctoritate
491 3681 591 3733 nostra
620 3676 787 3733 Prioratum
823 3676 1004 3748 pradictum,
1037 3678 1130 3749 eujus,
1169 3688 1203 3737 ut

155 3769 175 3792 ‘⁶
195 3761 313 3828 dieitur,
332 3762 459 3826 Priores,
480 3761 531 3833 qni
548 3777 602 3832 pro
619 3765 749 3833 tempore
767 3760 894 3825 luerunt,
913 3761 944 3815 in
968 3776 1003 3816 eo
1020 3763 1098 3833 poni,
1119 3768 1149 3818 et
1166 3765 1202 3819 ab

157 3852 177 3878 “
202 3866 236 3905 eo
254 3846 397 3911 revocari,
417 3850 548 3918 possunt,
563 3849 593 3900 et
614 3850 838 3911 consueverunt,
853 3844 891 3899 ad
908 3850 1012 3900 nutum
1030 3863 1083 3901 seu
1100 3847 1201 3902 volun·

156 3937 175 3962 “
195 3937 288 3988 tatem
306 3929 377 3986 dieti
394 3927 518 3985 Abbatis
547 3927 729 3994 Monasterii,
750 3929 802 4000 qui
828 3932 873 3984 est
898 3946 952 4000 pro
975 3934 1115 4000 tempore,
1135 3948 1202 3986 eum

155 4021 175 4045 ⁴⁴
195 4017 296 4088 ipsum
312 4014 465 4086 praemisso
483 4011 570 4068 modo
587 4030 691 4069 vacare
709 4012 874 4084 contigerit,
895 4029 961 4067 cum
980 4013 1113 4068 omnibus
1128 4014 1202 4084 juri-

154 4104 174 4129 “
194 4100 250 4154 bns
269 4102 299 4154 et
315 4098 499 4169 pertinentiis
519 4097 590 4161 suis,
605 4098 656 4151 uni
675 4114 709 4152 ex
727 4095 899 4151 Monasterii
917 4096 1032 4168 proefati
1053 4096 1202 4153 monachis

153 4187 174 4212 “
194 4184 324 4247 ‘idonee
351 4180 482 4237 ordinem
509 4181 606 4253 ipsum
634 4196 769 4252 expresse
799 4179 939 4250 professo,
967 4195 1055 4250 quem
1084 4180 1201 4236 duxeris

154 4271 174 4296 ‘⁸
196 4265 375 4339 eligendum,
394 4266 550 4338 ipsumque
561 4262 729 4327 inducendi,
750 4269 850 4336 perte
868 4263 916 4319 vel
935 4263 1035 4328 alium,
1056 4280 1108 4318 seu
1129 4265 1201 4320 alios

154 4355 174 4380 “
195 4350 227 4406 in
254 4349 434 4422 corporalem
458 4349 670 4420 possessionem
689 4345 760 4402 dieti
778 4346 939 4413 Prioratus,
967 4347 1146 4418 juriumque
1173 4356 1203 4405 ct

863 4482 969 4490 ..—...—
1006 4484 1176 4492 --.mm-1
1182 4486 1192 4492 ..

188 4558 195 4590 ¹
208 4555 294 4621 suplex
306 4557 332 4605 iu
344 4557 400 4606 MS.
734 4568 744 4596 ³
755 4574 890 4628 spercretur
902 4567 928 4615 in
940 4565 994 4617 MS.

189 4636 345 4700 ²Arpiurrem
362 4635 389 4682 ln
401 4635 456 4683 MS.
736 4647 745 4675 ⁴
755 4643 846 4704 ,orderico
857 4644 883 4692 in
897 4643 950 4692 MS.
