3038 5452
321 704 364 767 38
698 718 806 770 omre
825 716 992 769 ιιιιιιωι

163 914 300 976 tonum,
365 904 420 970 Ad
436 925 534 990 quem
556 887 644 972 diem
665 905 842 992 praedictus
863 905 897 970 N
899 904 1021 971 molens
1035 905 1140 984 venit,
1162 911 1199 972 et
1220 905 1375 973 similiter

186 981 282 1108 3²33
321 1006 428 1073 dictus
443 1007 1020 1123 Abbas,perEliamdeAylesbi1i‚
1034 1012 1242 1077 attomstum
1263 1031 1372 1077 suum.

155 1115 268 1233 l”lot-1¹)
263 1055 367 1232 ham
389 1110 567 1196 praedictus
598 1110 648 1175 W.
677 1109 829 1195 Milksop,
854 1111 949 1196 gravi
980 1111 1174 1177 infirmitate
1203 1111 1372 1194 detentus,

198 1275 265 1288 -,
321 1233 387 1276 non
402 1214 514 1291 venit3
536 1213 593 1279 ssd
607 1213 816 1279 retornavit
807 1234 843 1277 ιιι
858 1212 952 1278 brevi
965 1212 1030 1277 sibi
1045 1234 1143 1299 super
1157 1213 1220 1280 hoc
1233 1213 1371 1296 directo,

154 1314 309 1432 {3¹th
302 1315 410 1399 quod
424 1321 649 1381 transversum
658 1314 749 1379 infra
763 1314 951 1381 libertatem
966 1315 1081 1381 Sancti
1096 1315 1221 1383 Albani
1234 1317 1370 1406 recepit,

154 1447 274 1499 m„
321 1417 450 1482 ratione
487 1417 644 1482 custodian
675 1417 781 1483 cast·
739 1421 784 1483 ιιι
813 1417 854 1482 de
889 1416 1090 1498 Hertforde3
1124 1419 1204 1504 quia
1232 1420 1370 1505 quidum

153 1513 310 1630 ᾞῒξδθῐω
322 1519 478 1585 Nicolaus
503 1518 664 1597 Rouland,
692 1520 812 1587 Custos
836 1519 982 1606 ejusdem
1008 1521 1109 1587 castri
1138 1526 1217 1587 ante
1240 1521 1369 1589 dictum

153 1646 254 1697 notos
265 1648 294 1697 of
321 1623 372 1688 W.
390 1623 540 1708 Milksop
564 1622 755 1708 praedictum
779 1629 1002 1691 transversum
1024 1624 1121 1709 oepit

155 1714 279 1764 ΜΠ)
281 1716 307 1764 ⁵⁸·
366 1727 411 1792 Et
396 1725 613 1811 tpraedictus
641 1726 755 1794 Abbus
779 1726 973 1812 dicitquod
994 1725 1139 1791 ministri
1162 1725 1272 1812 Regia
1295 1747 1369 1792 cus·

322 1828 414 1894 todes
429 1828 510 1893 dicti
526 1829 658 1906 castri,
644 1851 715 1914 Jam
740 1830 781 1894 de
800 1850 896 1907 novo,
911 1829 1078 1894 occasione
1102 1828 1261 1898 custodire
1282 1828 1370 1914 ejus·

320 1931 394 1997 dem
418 1933 525 2010 castri,
539 1936 661 2017 petunt
683 1938 717 1996 et
740 1932 926 2017 percipiunt
950 1931 986 1995 in
1000 1931 1082 1994 villa
1106 1930 1219 1995 Sancti
1233 1930 1369 2012 Albani,

319 2040 354 2099 et
369 2035 447 2098 alibi
462 2035 548 2098 infra
568 2035 756 2099 libertatem
778 2034 932 2119 ejusdem,
956 2039 1180 2099 transversum
1203 2039 1238 2098 et
1261 2033 1370 2101 thelo-

319 2158 427 2215 neum,
443 2137 553 2200 minus
564 2137 664 2221 juste,
679 2136 770 2202 etad
792 2158 892 2223 grave
915 2135 1073 2202 damnum
1095 2136 1199 2224 ipsius
1212 2135 1369 2219 Abbatis,

319 2245 354 2305 et
382 2239 419 2303 in
448 2239 676 2325 praejudicium
713 2239 876 2304 libertatis
913 2239 1080 2326 praedictee
1092 2265 1101 2319 ;
1140 2261 1214 2305 cum
1251 2240 1366 2309 nullus

318 2340 469 2407 minister
498 2345 558 2406 aut
582 2340 724 2406 ballivus
755 2341 854 2426 Regis
881 2340 980 2407 debet
1010 2361 1044 2406 se
1074 2341 1299 2409 intromittere
1322 2345 1365 2410 de

317 2444 428 2530 aliquo
454 2443 540 2510 infra
566 2444 755 2510 libertatem
779 2443 883 2529 ipsius
912 2443 1054 2508 Abbatis
1088 2443 1203 2510 Sancti
1223 2444 1367 2527 Albani3

316 2547 373 2611 sed
396 2547 654 2631 omnitempore
680 2546 747 2631 ipse
763 2545 887 2622 Abbas,
902 2551 936 2610 et
959 2545 1077 2610 ballivi
1103 2547 1162 2624 sui,
1189 2567 1270 2632 quos
1294 2547 1364 2634 ipae

316 2648 359 2712 nd
373 2647 436 2712 hoc
451 2648 616 2734 assignare
630 2647 773 2712 voluerit
787 2672 794 2724 ;
817 2652 851 2711 et
873 2668 970 2733 super
988 2646 1049 2712 hoo
1070 2647 1194 2733 profert
1216 2648 1364 2715 chartam

316 2751 415 2838 Regis
431 2751 522 2828 Offae,
537 2755 571 2815 et
595 2749 743 2814 chartam
767 2750 866 2835 Regis
882 2747 1020 2814 Henrici
1035 2749 1186 2830 Secundi,
1203 2773 1278 2836 qure
1302 2750 1364 2819 hoc

313 2854 401 2919 idem
416 2858 592 2918 testantur.
638 2851 683 2916 Et
698 2851 882 2938 dicitquod
899 2851 987 2916 idem
1001 2851 1123 2932 abbas,
1135 2857 1171 2918 et
1185 2854 1363 2940 praedeoes-

313 2977 400 3021 sores
414 2956 474 3031 sui,
492 2977 513 3019 a
527 2960 673 3040 tempore
689 2953 902 3020 confectionis
917 2954 1104 3018 chartarum
1119 2955 1362 3040 predictarum,

312 3058 506 3146 percipiunt,
545 3064 579 3122 et
616 3057 779 3144 percipere
817 3062 1065 3133 consueverunt,
1097 3057 1288 3123 tholoneum
1325 3061 1362 3125 in

312 3161 469 3248 praedicta
483 3159 563 3224 villa
579 3160 692 3226 Sancti
709 3160 840 3237 Albani,
857 3166 891 3225 et
914 3157 1003 3244 apud
1019 3159 1066 3222 Lo
1080 3159 1203 3224 Burnet
1225 3175 1258 3225 et
1280 3161 1361 3227 alibi

312 3265 348 3327 in
363 3263 500 3328 diversis
516 3261 594 3327 locis
608 3262 695 3327 infin
709 3262 896 3327 libertatem
919 3260 1120 3346 praedictam.
1168 3261 1224 3326 Ita
1237 3267 1360 3344 tamen,

313 3365 401 3449 quod
416 3365 527 3429 nullus
551 3365 703 3428 minister
725 3368 784 3427 aut
806 3361 950 3426 ballivus
966 3362 1067 3448 Regis
1088 3362 1280 3428 tholoneum
1302 3388 1361 3432 seu

312 3472 536 3531 transversum
551 3464 587 3528 in
611 3463 733 3528 eisdem
748 3463 844 3543 villis,
860 3465 914 3529 vel
936 3464 1025 3546 locis,
1040 3465 1204 3551 percipere
1226 3488 1361 3534 come.

312 3571 441 3641 verunt,
455 3565 519 3630 nisi
542 3570 675 3629 tantum
697 3571 772 3651 post
794 3570 932 3632 mortem
949 3567 1107 3634 Willelmi
1129 3567 1170 3634 de
1184 3568 1361 3649 walensis„

312 3669 369 3754 qui
393 3667 586 3754 praedictum
610 3671 752 3732 castrum
778 3672 812 3731 et
835 3667 949 3733 villum
975 3669 1086 3734 tenuit
1111 3671 1154 3736 ad
1179 3671 1360 3741 terminum

313 3771 393 3835 vitae
416 3791 491 3846 suae,
510 3792 550 3834 ex
574 3769 777 3834 concessione
793 3768 898 3856 Regis

356 3872 401 3936 Et
423 3871 599 3957 praedictus
613 3870 770 3937 Nicolaus
793 3872 882 3950 dicit,
899 3874 987 3958 quod
1013 3872 1142 3938 nullum
1168 3876 1359 3945 tholoneum

311 3974 398 4060 cepit
420 3974 455 4038 in
470 3973 636 4058 praedictis
659 3973 765 4054 villis;
787 3974 845 4039 sed
868 3974 1049 4040 benedicit
1071 3977 1159 4062 quod
1180 3978 1250 4064 ipse
1272 3981 1361 4067 oepit

313 4088 538 4147 transversum
560 4080 597 4143 in
619 4079 739 4145 eisdem
762 4101 783 4144 a
804 4085 951 4166 tempore
967 4103 1032 4166 quo
1052 4080 1118 4147 fuit
1133 4082 1251 4151 Custos
1273 4087 1359 4171 ejus-

311 4184 386 4248 dem
409 4182 508 4249 castri
530 4185 565 4247 et
587 4181 684 4260 villae,
701 4204 759 4269 per
774 4182 965 4268 Philippum
989 4183 1030 4248 de
1054 4181 1278 4274 ¹Wylughby,
1304 4191 1360 4256 cui

312 4286 384 4351 Rex
407 4289 551 4351 castrum
566 4289 599 4348 et
614 4283 729 4348 villam
752 4285 916 4349 commisit
938 4285 1152 4352 custodienda
1177 4288 1220 4352 ad
1241 4291 1359 4357 volun-

311 4393 414 4453 tatem
441 4387 542 4473 Regis
554 4411 563 4466 ;
586 4407 644 4472 pro
669 4407 706 4449 eo
731 4384 819 4470 quod
846 4386 933 4450 idem
961 4386 1116 4452 Nicolaus
1142 4390 1273 4457 invenit
1288 4393 1356 4459 Do-

534 4633 540 4662 ¹
557 4632 716 4696 Apparently
728 4631 826 4681 written
839 4639 854 4660 ‘⁶
870 4629 1003 4697 wyuqkty
1012 4633 1028 4657 ’'
1039 4631 1064 4681 in
1073 4632 1129 4685 MS.
