3038 5452
303 697 369 761 348
667 713 772 761 essm
795 713 959 764 suenrus

156 905 312 967 Μιοιιιιί,ί
315 896 455 961 ‘fecisse
486 919 544 983 pro
574 899 718 975 eisdem;
758 899 846 984 quod
877 900 959 964 setis
989 899 1115 987 liquere
1147 907 1259 988 potest
1295 923 1350 991 per

168 1040 265 1100 Am,
305 1000 483 1064 “Rotulos
505 1005 540 1064 et
565 1000 777 1065 Memoranda
803 1001 902 1086 hujus
923 1001 1091 1080 Sceocnrii,
1120 1011 1159 1068 ut
1180 1006 1350 1094 intelligit

180 1105 249 1155 ΑΒ·
349 1101 494 1188 “Super
517 1124 581 1187 quo
604 1103 760 1167 scrutatis
788 1104 973 1170 Rotrdiset
1002 1111 1126 1183 coetero,
1149 1115 1349 1194 compertum

154 1176 325 1276 ¹³³E⁴⁹“
317 1206 428 1270 ‘'est
419 1227 452 1269 m
478 1205 609 1270 Rutulis
632 1206 672 1269 de
697 1206 902 1271 Maresoellia
924 1207 965 1271 de
989 1207 1128 1273 diversis
1150 1211 1351 1276 exercitibus

305 1309 592 1394 “progenitorum
622 1308 721 1394 Regis
750 1330 849 1387 nunc,
874 1310 961 1395 quod
992 1309 1141 1376 Abbates
1171 1311 1237 1377 loci
1268 1335 1350 1400 prae·

305 1421 321 1444 “
344 1412 425 1476 dieti
456 1411 583 1475 onerati
604 1410 740 1475 fuerunt
775 1411 816 1475 de
848 1411 988 1476 diversis
1020 1413 1176 1500 scutagiis
1205 1421 1242 1480 et
1271 1437 1350 1480 aux·

303 1521 321 1547 “
343 1512 418 1587 iliis,
464 1534 561 1598 super
604 1513 710 1599 ipsum
757 1514 899 1592 assessis,
937 1515 1141 1600 temporibus
1185 1516 1350 1583 dictorum

302 1622 321 1650 “
343 1615 596 1701 progenitorum,
621 1621 655 1679 et
684 1615 968 1702 ¹recogn0verunt
991 1617 1126 1681 servitia
1156 1640 1217 1683 sua
1239 1619 1351 1686 debite

302 1724 319 1752 “
343 1717 508 1803 praedictis
539 1739 620 1804 prog
599 1717 802 1782 creditoribus
832 1741 892 1804 pro
922 1740 981 1782 sex
1015 1719 1118 1783 feodis
1146 1721 1325 1786 militum
1315 1745 1348 1786 m

301 1826 321 1855 “
344 1820 512 1885 Comitetu
544 1820 813 1897 Hertfordiee,1n
837 1820 1035 1885 exercitibus
1065 1823 1256 1908 praedictis;
1292 1847 1348 1912 pro

301 1931 317 1956 “
340 1922 459 2007 quibus
482 1923 615 2007 quidem
638 1944 695 1986 sex
719 1923 822 1987 feodis
845 1923 999 1999 militurn,
1022 1924 1211 1989 collectores
1233 1921 1349 1991 auxilii

299 2032 316 2058 “
338 2025 488 2111 praedicti
511 2025 593 2110 Regi
618 2046 706 2088 nunc
730 2025 871 2089 concessi
894 2025 930 2088 in
946 2025 1118 2090 Comitntu
1135 2027 1347 2104 Hertfordiae,

297 2133 317 2162 “
339 2127 580 2213 exemplariter,
604 2132 703 2212 prout
725 2127 799 2191 aliis
829 2128 1032 2213 temporibus
1063 2131 1251 2214 praeteritis,
1274 2154 1346 2196 one·

298 2237 315 2265 “
338 2235 454 2294 rantur
468 2230 504 2292 in
527 2234 677 2314 compoto
701 2250 760 2293 suo
783 2229 824 2293 de
840 2229 1013 2294 duodecim
1035 2230 1129 2294 libris
1151 2234 1294 2321 receptis
1308 2235 1345 2300 de

299 2341 315 2365 “
338 2331 468 2418 praefoti
493 2332 635 2406 Abbate,
662 2352 720 2417 pro
750 2331 875 2395 auxilio
905 2333 1014 2418 ipsum
1049 2334 1266 2421 contingente
1287 2359 1343 2422 pro

299 2440 315 2468 “
338 2434 460 2498 eisdem
483 2455 541 2498 sex
564 2432 688 2512 feodis3
722 2433 807 2498 siout
829 2435 1018 2499 continetur
1048 2436 1083 2498 in
1113 2436 1238 2501 Rutulo
1261 2460 1343 2504 oom-

299 2543 315 2570 “
338 2535 410 2622 poti
433 2535 473 2599 de
500 2535 635 2612 auxilio,
659 2535 748 2599 etin
783 2535 905 2600 Rotulo
936 2536 978 2600 de
1001 2538 1171 2621 particulis
1202 2540 1341 2626 compoti

298 2649 314 2671 “
338 2638 501 2702 dictorum
524 2637 733 2702 collectorum
753 2636 941 2722 hujusmodi
967 2639 1000 2701 in
1022 2638 1239 2706 Thessurario
1263 2643 1341 2707 exis·

298 2751 315 2774 “
338 2746 452 2818 tente3
475 2738 535 2803 ubi
557 2739 726 2825 perticulae
746 2741 853 2804 oneris
877 2741 917 2804 de
940 2741 1054 2805 eodem
1076 2743 1203 2807 auxilio
1218 2745 1341 2830 plenius

297 2857 313 2881 “
336 2852 546 2911 annotentur.
601 2846 644 2909 In
675 2869 739 2931 quo
769 2846 900 2930 quidem
932 2846 1056 2911 Rutulo
1086 2851 1230 2935 compoti
1260 2874 1339 2916 corn·

297 2961 313 2985 ‘⁴
336 2956 466 3036 pertum
489 2954 540 3013 est
563 2948 649 3033 quod
681 2948 886 3012 satisfactum
909 2956 960 3013 est
992 2949 1074 3034 Regi
1108 2951 1148 3015 de
1172 2953 1337 3018 duodecin

294 3063 311 3088 “
336 3054 428 3117 libris
446 3075 514 3138 prae
538 3050 655 3129 dictis3
680 3049 737 3113 sed
759 3050 838 3134 quie
852 3051 888 3113 in
911 3051 1012 3126 brevi,
1039 3073 1097 3116 seu
1119 3053 1244 3118 chartis
1267 3079 1340 3142 pros

296 3167 312 3191 “
335 3155 439 3230 dictis,
472 3154 565 3218 nulle
593 3154 633 3216 fit
666 3153 792 3216 mentio
824 3152 865 3215 de
903 3154 1077 3239 Byggyng,
1109 3163 1143 3219 et
1172 3156 1338 3222 invenitur

295 3265 313 3293 “
336 3257 556 3343 discrepantis
595 3256 630 3318 in
668 3254 894 3318 nominatione
927 3256 1070 3320 locorum
1109 3259 1337 3343 predictorum

295 3371 311 3394 “
334 3361 369 3423 in
393 3361 514 3424 eisdem
537 3357 659 3423 chartis
682 3363 716 3420 et
740 3356 871 3421 Rotulis
894 3356 934 3421 de
957 3359 1337 3442 particulis—videlicet,

294 3471 310 3496 “
334 3462 369 3524 in
392 3462 460 3536 hoe,
484 3460 571 3546 quod
594 3460 630 3522 in
660 3458 784 3522 chartis
814 3458 879 3522 illis
903 3460 1074 3525 invenitur
1097 3462 1336 3548 ‘Grenesbury,'

295 3573 312 3596 “
336 3567 370 3627 et
392 3562 429 3625 in
460 3562 582 3626 Rotulo
607 3561 648 3625 de
671 3560 841 3646 particulis
864 3568 1044 3626 annotatur
1072 3563 1336 3641 ‘Grenesborwe’

295 3676 311 3698 “
335 3665 510 3749 quaesitum
533 3672 583 3727 est
605 3685 626 3726 a
649 3662 788 3748 praelato
811 3662 952 3739 Abbate
976 3665 1004 3727 si
1030 3664 1109 3748 quid
1132 3666 1264 3744 habeat,
1287 3665 1335 3731 vel

296 3768 443 3832 “dicere
473 3766 566 3840 sciat,
596 3787 697 3850 quare
728 3764 808 3828 dicti
832 3766 955 3852 viginti
981 3767 1084 3843 solidi,
1108 3769 1150 3832 ab
1173 3792 1212 3834 eo
1235 3769 1335 3835 execti

295 3882 311 3906 ‘⁴
335 3892 393 3956 pro
425 3869 521 3933 terris
558 3874 592 3932 et
630 3868 826 3932 tenementis
864 3869 898 3931 in
933 3869 1098 3955 Byggyng
1134 3879 1169 3935 et
1204 3873 1335 3938 Greues·

296 3982 312 4008 “
336 3973 473 4044 berowe,
497 3971 537 4033 de
561 3970 631 4054 ipso
653 3969 755 4032 levari
779 3992 846 4034 non
868 3971 996 4036 debent.

341 4087 356 4109 ‘·
372 4074 426 4138 Ad
452 4071 541 4157 quod
567 4071 653 4134 idem
676 4071 792 4134 Abbas
819 4072 899 4136 dicit
926 4073 1013 4157 quod
1042 4075 1285 4161 ‘Grenesbyri'
1305 4084 1334 4140 et

295 4190 309 4212 ‘⁴
336 4173 633 4241 ‘Grenesborowe'
659 4181 738 4237 sunt
771 4196 836 4238 una
869 4180 903 4239 ct
934 4176 1049 4239 eedem
1080 4176 1169 4254 villa,
1206 4187 1240 4243 et
1273 4200 1334 4243 non

296 4292 311 4315 “
334 4282 480 4354 disersae,
507 4283 542 4342 et
571 4275 739 4362 Byggyng
718 4282 815 4340 est
844 4277 984 4362 parcella
1010 4278 1154 4361 ejusdem
1183 4282 1272 4346 rillae
1297 4282 1332 4345 de

295 4395 310 4416 ‘³
336 4383 611 4457 Grenesborowe3
634 4385 669 4442 ct
691 4379 751 4443 hoe
773 4380 951 4463 prsetendit
974 4382 1256 4448 rerificrrertccr
1214 4392 1333 4449 etot-cru

318 4627 324 4658 ¹
338 4631 505 4689 recopnoverut
517 4623 543 4672 in
554 4624 597 4674 the
608 4631 679 4680 text3
697 4622 741 4671 but
751 4622 881 4671 corrected
889 4621 916 4670 in
928 4621 971 4672 the
983 4624 1090 4688 margin,
1102 4625 1128 4674 in
1139 4642 1154 4675 n
1166 4628 1228 4677 later
1240 4628 1310 4678 hand
