3038 5452
433 733 642 785 Mousarnau
667 733 788 784 sartori
810 733 946 786 annam.
1172 720 1215 792 97

162 912 187 939 “
214 919 443 990 transgressione
460 921 618 991 praeterita,
639 927 669 975 et
686 921 811 975 maxime
830 927 968 984 correcta,
989 923 1147 993 opprobria
1173 923 1215 977 in·
1235 929 1306 981 John
1318 933 1373 994 Ν,

161 999 186 1024 “
214 1003 342 1068 tulerint,
357 1004 420 1057 sive
439 1003 497 1058 alia
514 1004 630 1075 penitus
648 1005 775 1058 convitia
786 1003 833 1058 vel
852 1005 946 1060 minas
965 1006 1104 1061 audacius
1125 1024 1215 1079 quam
1277 999 1338 1050 2⁶fl¹

161 1084 185 1108 ‘⁸
214 1087 309 1142 ¹nobis
335 1088 495 1150 emiserint,
516 1089 541 1142 si
560 1087 668 1142 ibidem
688 1087 854 1143 Conventus
874 1089 970 1153 luerit,
992 1090 1141 1145 silentium
1160 1109 1212 1162 per
1259 1066 1354 1182 ‘ffb

159 1167 183 1192 ‘⁶
210 1189 340 1227 mensem
358 1172 507 1241 integrum
525 1170 620 1225 eidem
638 1189 690 1242 per
709 1172 842 1225 Priorem
868 1191 953 1228 suurn
977 1191 1030 1244 per
1053 1181 1147 1230 toturn
1169 1177 1214 1231 in·
1254 1172 1355 1252 lgm⁸

159 1254 185 1278 “
210 1257 338 1326 fligatur.
377 1255 496 1324 Quodsi
509 1255 721 1320 obedientiarii,
737 1257 783 1311 vel
796 1256 832 1310 de
853 1259 931 1312 curis
950 1258 1144 1314 exterioribus
1164 1260 1212 1314 vel
1271 1292 1338 1304 -—

147 1336 184 1400 ,⁸⁸
210 1341 396 1395 interioribus
416 1341 652 1403 intromittentes,
667 1341 825 1401 extiterint,
839 1341 875 1395 de
888 1341 973 1395 dictis
992 1342 1071 1395 curis
1089 1343 1213 1398 ulterius

158 1422 185 1446 ‘⁴
210 1442 243 1478 se
259 1442 317 1479 non
334 1425 539 1488 intromittant,
559 1424 649 1479 donec
674 1424 711 1478 ad
736 1425 790 1479 hoc
815 1426 963 1479 licentiam
981 1432 1110 1480 nostram
1136 1427 1209 1482 obti-

157 1504 184 1529 “
209 1516 296 1564 neaut
313 1508 479 1580 specialem.
517 1508 556 1562 Et
580 1509 605 1562 si
630 1508 680 1563 ubi
707 1509 749 1562 sic
776 1508 936 1573 exceditur,
964 1507 1131 1565 Conventus
1155 1528 1211 1565 non

158 1588 187 1613 ‘⁴
212 1592 307 1655 luerit,
333 1609 385 1663 per
406 1609 535 1646 mensem
556 1593 704 1661 integrum
716 1592 752 1645 ab
765 1610 887 1662 egressu
899 1593 1062 1653 Priorutns,
1085 1601 1115 1647 et
1135 1595 1213 1648 omni

158 1672 187 1699 ‘⁸
211 1676 317 1732 lorensi
336 1677 450 1742 solatio,
469 1677 561 1731 donec
579 1695 597 1731 a
612 1677 694 1731 nobis
713 1679 839 1746 gratiam
857 1678 1008 1740 meruerit,
1029 1683 1172 1732 arceatur.

309 1996 528 2084 Dispcusulio
550 2019 652 2083 stipor
674 1995 880 2061 criminibus
902 2003 1076 2060 ramnum.

207 2159 225 2180 ‘⁸
246 2154 333 2219 Ibem,
355 2154 424 2224 quia
440 2171 474 2206 ex
494 2153 707 2208 verisimilibus
726 2153 901 2222 conjecturis
927 2153 1107 2224 conjicimus,
1133 2152 1211 2225 quod
1223 2140 1348 2190 ffi⁰¹¹⁸0f

158 2237 192 2264 ‘⁴
210 2256 262 2309 per
274 2237 503 2292 recordationem
522 2236 711 2291 confessionis
730 2237 886 2290 criminum
904 2256 969 2308 quae
982 2238 1210 2309 praedecessores
1222 2206 1328 2324 ffitw

161 2322 192 2347 ‘⁴
211 2321 303 2376 nostri
316 2323 372 2377 sibi
391 2322 580 2384 retinuerant,
600 2320 721 2379 scilicet,
738 2320 951 2384 inobedientia,
976 2322 1082 2392 (quam,
1104 2323 1128 2376 si
1146 2328 1211 2392 post
1221 2341 1378 2404 punishment

160 2404 192 2432 '⁶
212 2406 281 2460 solis
294 2407 458 2461 occubitum
476 2410 650 2476 perseveret,
669 2405 751 2459 nobis
767 2408 973 2472 reservamus)
990 2407 1085 2460 carnis
1098 2406 1208 2477 lapsus,
1220 2407 1379 2460 ioroffenoes.

162 2491 192 2515 ⁸¹
211 2490 406 2561 proprietatis,
420 2489 656 2560 irregularitatis,
670 2487 898 2543 defraudationis
912 2490 1052 2544 bonornm
1068 2491 1208 2552 ecclesias,

163 2574 191 2598 ⁸¹
210 2580 240 2627 et
251 2573 408 2627 eorundem
429 2572 622 2635 alienationis,
638 2572 859 2626 machinationis
881 2572 912 2626 in
931 2580 1054 2629 mortem
1079 2574 1209 2638 alterius,

166 2659 192 2682 ‘⁸
211 2657 440 2728 conspirationis,
461 2656 554 2711 libelli
573 2655 676 2710 famosi
695 2656 912 2726 compositionis
935 2674 986 2711 seu
1007 2658 1089 2712 bonae
1114 2660 1209 2722 famas,

164 2743 191 2766 ⁸⁸
210 2728 378 2813 superioris,
389 2742 478 2812 pariS,
493 2741 555 2794 sive
564 2740 695 2804 minoris,
705 2738 926 2809 denigrationis,
936 2741 983 2795 vel
995 2742 1131 2807 laesionis,
1142 2760 1211 2796 non-

163 2828 190 2850 ⁸⁴
209 2844 356 2898 nunqnam
366 2827 530 2880 animarum
542 2824 673 2896 pericula
692 2823 898 2888 imminebant;
921 2824 1087 2880 ordinamus
1097 2832 1131 2880 nt
1146 2825 1210 2880 Pri·

168 2913 191 2934 “
209 2927 284 2974 ores,
304 2911 430 2965 maxime
443 2910 494 2980 qui
509 2927 527 2964 a
545 2908 629 2962 nobis
651 2908 769 2969 distant,
784 2907 906 2971 scilicet,
921 2907 957 2962 de
969 2909 1161 2980 Tynemutha,
1175 2909 1211 2963 de

171 2995 191 3019 ‘⁸
210 2993 343 3057 Belvero,
365 2993 409 3048 De
430 2993 574 3066 Bynham‚
594 2999 623 3071 et
644 2990 869 3062 Wymuudham,
883 2998 943 3046 tam
962 2993 993 3046 in
1012 2992 1099 3047 dictis
1118 3010 1212 3047 reser-

174 3082 191 3104 “
210 3078 285 3133 vatis
303 3077 476 3132 criminibus
497 3094 584 3148 quam
608 3076 684 3139 aliis,
710 3074 833 3129 liberam
857 3075 982 3130 habeant
1005 3083 1065 3130 tam
1092 3093 1212 3146 cognos-

176 3167 192 3188 “
212 3162 308 3225 cendi,
335 3179 423 3232 quam
449 3161 591 3216 salutares
615 3158 801 3231 poenitentias
826 3158 987 3229 infligendi,
1023 3160 1208 3224 facultatem

174 3250 191 3272 ‘¹
210 3249 251 3301 ita
267 3245 416 3310 videlicet,
444 3244 523 3315 quod
541 3243 708 3315 hujusmodi
744 3242 1007 3312 transgressoribus
1026 3244 1210 3315 poenitautias

174 3333 190 3354 ‘¹
210 3331 366 3402 imponent,
390 3329 480 3383 donec
505 3328 562 3400 ipsi
583 3333 734 3399 peccantes
759 3325 910 3381 nobiscum
934 3328 1101 3397 superbiis
1125 3328 1211 3383 collo-

174 3415 191 3438 ¹⁴
210 3413 312 3484 quium
329 3412 495 3467 babuemnt
515 3412 676 3484 personale.
724 3411 764 3466 Et
778 3428 816 3465 ne
836 3428 1012 3482 quemquam
1029 3430 1082 3483 pro
1094 3413 1211 3468 deiectu

174 3498 191 3521 “
210 3497 398 3551 confessionis
420 3496 560 3568 smripiat
578 3494 750 3567 periculum,
769 3494 890 3549 eandem
912 3495 1124 3560 auctoritatem,
1146 3495 1211 3551 lab·

175 3584 191 3605 ¹⁴
210 3581 350 3644 sentibus,
363 3579 466 3635 domm
488 3579 697 3652 Supprioribns
717 3595 826 3640 eorum,
848 3585 879 3633 et
898 3577 965 3634 aliis
984 3580 1208 3646 confessoribus,

175 3668 192 3689 ‘⁸
210 3664 300 3719 donec
318 3665 520 3736 delinquentes
536 3663 662 3719 babeant
682 3662 816 3717 Priorum
836 3663 1039 3733 presentiam
1059 3666 1211 3737 praemissa

176 3751 360 3803 “reservata
381 3749 464 3803 nobis
485 3755 637 3819 potestate.
688 3746 815 3815 Quodsi
839 3748 869 3801 in
891 3748 1051 3818 prmmissis
1072 3768 1209 3806 excessus

175 3835 192 3856 “
211 3832 300 3886 fuerit
314 3832 356 3886 ita
375 3833 515 3896 notorius,
531 3831 607 3901 quod
625 3830 689 3900 ejus
706 3828 847 3885 correctio
866 3830 903 3884 ad
921 3848 972 3885 noa
990 3832 1094 3887 merito
1106 3833 1210 3891 debeat

176 3918 192 3939 “
211 3914 337 3979 devolvi,
360 3932 427 3969 cum
455 3921 580 3985 nequeat
610 3914 672 3968 sine
699 3912 834 3968 scandalo
861 3914 972 3968 inultus
996 3917 1149 3985 praeteriri,
1174 3917 1210 3970 ad

175 4002 192 4023 ‘¹
210 3998 334 4053 aliorum
356 4004 507 4060 terrorem,
528 4004 557 4052 et
585 4004 619 4052 ut
643 3998 729 4052 unius
754 4016 839 4068 poena
858 3998 897 4052 sit
921 4004 1016 4054 metus
1040 3999 1207 4063 multorum,

175 4082 417 4137 “correctionem
446 4080 613 4152 hujusmodi
642 4081 679 4135 ad
708 4098 760 4137 nos
789 4082 922 4137 volumus
950 4082 1117 4138 immediate
1145 4101 1210 4153 per-

175 4168 192 4191 “
211 4165 313 4222 tinere.

588 4316 637 4323 -—
648 4315 662 4323 ι-
883 4315 895 4319 .›
907 4314 1006 4321 .....—..,
1103 4318 1207 4326 .-...-....

205 4441 265 4493 'Sic
282 4441 310 4489 in
331 4437 406 4496 MS.;
431 4439 561 4488 thereme
584 4439 606 4487 is
627 4453 669 4501 ap·
746 4435 812 4484 2Ι.ο.
826 4434 959 4497 Prebribrw,
971 4437 1124 4487 understood

175 4519 287 4584 parently
298 4517 454 4582 incompleta.

1053 4708 1079 4759 (i
