3038 5452
332 676 374 737 32
711 687 818 736 srsrs
841 686 1002 735 1661161(

168 866 309 983 Jfflfle
328 869 552 935 incontinenti
573 869 762 947 solutarum,
778 873 967 956 computato
989 889 1069 933 auro
1093 867 1238 955 Reginae,
1262 889 1380 953 procu·

190 1000 284 1059 Absor,
329 973 418 1037 ravit
442 973 559 1037 Frater
582 973 753 1037 Johannes
776 973 818 1038 16
841 972 1048 1050 Stivenache,
1072 975 1154 1036 tunc
1180 970 1380 1036 Cellerarius

162 1067 479 1184 12⁹*ZQOLabbatis,
500 1074 591 1140 istud
618 1077 787 1162 negotium
809 1077 942 1140 nomine
965 1072 1115 1161 praedicti
1137 1073 1279 1138 Abbatis
1302 1094 1380 1160 pro-

208 1225 274 1237 ..-
330 1197 477 1262 sequens,
498 1199 566 1242 non
588 1177 659 1242 sine
682 1177 811 1264 magnis
833 1176 1019 1263 sumptibus
1040 1181 1075 1242 61
1089 1174 1269 1255 laboribus,
1284 1175 1379 1241 char-

160 1266 312 1383 ffibffld
331 1284 440 1345 tarum
470 1279 565 1344 istius
597 1280 737 1345 ecclesiae
765 1279 1046 1344 confirmationem
1070 1283 1254 1343 etcertum
1276 1277 1378 1343 finem

159 1414 262 1464 moneys
331 1381 367 1446 in
399 1387 596 1468 perpetuum
627 1382 880 1468 provocatione
916 1379 1120 1459 Abbathiae3
1150 1380 1315 1457 videlicet,
1337 1384 1378 1445 ut

158 1466 285 1595 flffig,
331 1485 611 1570 quotienscunque
633 1483 869 1549 Monasterium
887 1482 1001 1547 Sancti
1017 1481 1140 1547 Albam
1161 1503 1220 1568 per
1235 1487 1377 1547 mortem

158 1598 315 1648 namnetis
329 1587 471 1652 Abbatis
486 1609 602 1652 vacare
625 1587 809 1673 eontigerit,
838 1587 932 1651 Prior
958 1598 994 1650 et
1017 1584 1209 1652 Conventus
1232 1584 1378 1650 habeant

159 1666 303 1796 ffifffng
327 1695 394 1754 tam
421 1689 460 1754 de
482 1690 620 1755 baronia
635 1712 735 1776 quam
758 1690 798 1753 16
821 1688 1080 1775 possessionibus
1095 1687 1243 1773 ejusdem
1266 1687 1378 1775 dispo·

158 1797 297 1861 posession
325 1792 427 1857 66611
449 1792 664 1872 facultatem3
685 1798 785 1879 prout
810 1792 926 1858 charta
951 1790 1029 1855 inde
1055 1791 1202 1856 confecta
1222 1795 1378 1857 testatur.

159 1863 255 1997 ἓξὲξ,
265 1933 315 1982 anu
327 1895 437 1975 Quam
459 1895 591 1982 quidem
613 1896 784 1961 baroniam
808 1901 842 1960 et
864 1894 1083 1981 possessiones
1107 1893 1269 1957 Dominus
1292 1892 1378 1970 Rex,

160 1997 384 2113 rppuomqui
406 2020 465 2084 pro
488 2005 635 2084 tempore
657 1998 774 2074 fuerat,
797 1996 834 2060 in
861 2018 963 2061 manu
984 2017 1043 2060 sua
1058 1994 1229 2060 consuevit
1255 2001 1378 2072 tenere,

158 2079 275 2196 hbbaecy,
326 2099 369 2163 ad
406 2100 526 2163 damna
563 2098 818 2163 innumerabilia
855 2105 889 2163 et
926 2097 1121 2184 gravamina
1158 2096 1379 2183 inopinabilia

158 2197 302 2262 lungae
326 2201 423 2266 dictae
446 2201 571 2278 domus,
594 2200 696 2266 donec
718 2199 804 2265 alius
826 2200 941 2264 Abbas
964 2200 1228 2265 substitueretur.

128 2375 131 2380 ,
158 2279 271 2380 {baffi
372 2303 466 2379 Item,
489 2303 650 2367 Dominus
677 2304 751 2368 Rex
771 2304 832 2368 sub
855 2324 974 2389 magno
997 2301 1104 2388 sigillo
1127 2323 1185 2366 suo
1200 2308 1282 2365 tune
1296 2300 1377 2366 fecit

159 2416 281 2493 Alsum-
326 2405 582 2491 acquietaneiam
598 2405 687 2471 dieto
701 2404 836 2482 Abbati,
858 2410 892 2469 et
915 2405 1149 2478 ecclesiane,
1166 2403 1206 2468 16
1222 2403 1377 2468 omnibus

159 2484 447 2598 fjfftdssssgfflfdebitis
481 2530 522 2573 ex
546 2530 738 2594 quacunque
761 2529 859 2573 causa
880 2508 988 2594 ipsum
1011 2505 1227 2595 tangentibus
1249 2527 1269 2569 a
1292 2511 1377 2570 tem·

158 2615 282 2665 uuenom
327 2609 459 2695 poribus
482 2610 673 2688 retroactis3
707 2632 782 2675 cum
805 2631 918 2676 revera
940 2608 1047 2675 multa
1069 2614 1148 2675 tunc
1174 2606 1377 2694 temporibus

157 2681 545 2815 {gihiffldiversimode
568 2712 782 2776 debebantur.

327 3031 454 3099 Charta
466 3030 576 3117 Rapis,
590 3051 695 3116 saper
709 3030 805 3098 mille
826 3030 952 3096 mareis
973 3029 1018 3096 ira
1040 3030 1185 3116 qualibet
1200 3029 1375 3097 6666116116

413 3133 618 3201 Moeuetera‘e‘
654 3133 774 3202 Secacta'
804 3134 937 3201 Albuci
967 3132 1076 3200 eidem
1107 3132 1257 3199 Domioo
1288 3131 1376 3217 Reya‘

411 3241 650 3327 persolvendis.

159 3417 263 3469 cemes
361 3409 379 3433 “
394 3405 565 3470 Edwardus,
594 3407 649 3460 Dei
676 3408 827 3476 gratiaci
854 3411 962 3470 enitere,
990 3406 1124 3461 omnibus
1151 3406 1188 3459 ad
1207 3423 1280 3476 quos
1298 3423 1373 3477 proe·

157 3483 299 3564 conferring
325 3493 344 3517 ‘⁴
365 3496 460 3545 sentes
479 3490 586 3544 littorae
603 3490 801 3559 pervenerint,
822 3487 955 3543 salutem.
1009 3489 1116 3544 Sciatis
1136 3489 1215 3560 quod
1232 3490 1269 3544 ob
1288 3488 1374 3545 davo·

157 3566 295 3667 mmm
326 3575 474 3629 “tionem
507 3592 596 3645 quam
623 3591 696 3643 erga
722 3573 862 3628 Sanctum
889 3573 1045 3639 Albanum,
1067 3574 1229 3644 gloriosum
1260 3572 1374 3629 Christi

155 3634 312 3750 bmffyand
326 3663 344 3686 “
364 3658 535 3729 Martyrem,
563 3657 695 3728 gerimus
723 3663 752 3711 61
775 3657 926 3722 habemus,
948 3664 978 3713 61
1004 3665 1038 3714 61
1065 3658 1199 3713 monachi
1216 3658 1372 3713 Abbathiae

156 3751 307 3814 pmsessions
323 3747 341 3771 “
360 3743 395 3797 de
415 3742 520 3797 Sancto
538 3741 652 3795 Albano
671 3741 707 3795 16
725 3748 831 3796 661616
857 3743 970 3812 possint
988 3742 1116 3813 quietius
1136 3748 1166 3797 et
1183 3742 1373 3812 tranquillius

156 3818 302 3869 ⁰f2¹¹⁹Ab·
325 3831 343 3854 “
363 3826 517 3881 Altissimo
543 3825 688 3888 famulari,
720 3826 916 3882 concessimus
948 3845 999 3897 pro
1029 3828 1113 3882 nobis
1144 3833 1174 3881 et
1201 3825 1370 3882 haeredibus

155 3884 300 4002 ffiffl‘r'n
325 3915 343 3938 “
363 3910 481 3974 nostris,
500 3909 654 3963 Abbathiae
672 3909 829 3979 praedictae,
858 3910 936 3981 quod
953 3911 1039 3964 Prior
1064 3919 1094 3966 61
1119 3910 1284 3965 Conventus
1312 3911 1372 3965 Ab·

155 4018 204 4065 and
218 4017 283 4069 Con.
325 4000 343 4023 “
361 3995 468 4050 bethiae
487 3992 628 4063 ejusdem,
649 3999 679 4047 et
697 4010 797 4047 eorum
816 4011 1009 4056 successores,
1040 3996 1070 4047 in
1098 3995 1224 4064 singulis
1245 3995 1372 4049 vacatio·

280 4114 291 4123 -
325 4086 343 4106 “
363 4080 450 4135 uibus
478 4077 611 4149 ejusdem
629 4077 793 4141 Abbathiae,
815 4079 949 4148 quotiens
975 4078 1113 4167 videlicet
1137 4079 1232 4149 ipsam
1259 4096 1372 4133 exnunc

325 4170 343 4191 “
364 4181 467 4219 vacare
486 4162 646 4231 continget,
676 4161 802 4216 habeant
830 4168 860 4216 et
884 4168 1002 4216 teneant
1027 4163 1189 4217 custodiam
1214 4162 1372 4217 Abbathiae

127 4230 267 4332 mg?
325 4254 343 4276 “
365 4249 505 4319 ejusdem,
534 4254 563 4302 61
591 4263 692 4300 eorum
727 4263 911 4301 successores
947 4247 978 4300 iu
1009 4246 1136 4316 singulis
1167 4247 1372 4302 vacationibus

154 4322 311 4401 afixedssum
324 4339 341 4362 “
360 4334 492 4403 ejusdem
510 4331 673 4395 Abbathiae,
694 4331 827 4400 quotiens
853 4330 993 4384 videlicet
1016 4331 1111 4402 ipsam
1132 4349 1244 4385 exnunc
1266 4349 1372 4386 vacare

155 4415 185 4463 of
193 4431 282 4482 money
325 4422 343 4445 ‘⁶
364 4419 522 4487 continget,
545 4416 719 4471 habeantet
737 4420 855 4469 teneant
873 4415 1035 4469 custodiam
1054 4414 1210 4469 Abbathiae
1229 4416 1321 4479 illius,
1342 4425 1372 4471 et

154 4481 231 4546 being
242 4485 301 4547 pald
325 4506 343 4530 ‘⁵
363 4503 493 4556 omnium
518 4500 723 4571 temporalium
748 4498 890 4568 ejusdem,
911 4516 969 4553 una
995 4516 1061 4553 cum
1081 4499 1215 4555 omuibus
1233 4500 1322 4554 rebus
1342 4506 1372 4555 et

116 4591 117 4594 ’
155 4550 311 4615 ‘memnii'
325 4590 343 4613 “
363 4585 446 4638 bonis
464 4584 689 4639 adAbbathiam
707 4583 790 4637 illam
808 4583 1049 4652 qualitercunque
1068 4583 1274 4652 spectantibus,
1298 4584 1371 4639 adeo
