3038 5452
333 686 397 749 338
712 698 819 748 essse
842 695 1005 747 Assensit

187 898 304 961 Michoel,
333 893 351 923 “

210 966 272 1017 29111

179 1168 303 1216 leonto.
334 1201 341 1226 a

343 1199 351 1227 ί

207 1259 278 1276 1-

193 1029 289 1150 ts}
333 995 351 1125 ῑῑ

374 886 510 962 Albano,
534 885 654 972 viginti
676 885 776 950 libros
803 884 1034 971 sterlingorum
1057 885 1092 949 in
1113 885 1382 971 peipoontionem

372 993 407 1053 ot
429 989 557 1074 plenam
581 988 778 1054 solutionem
801 987 948 1053 omnium
975 987 1162 1053 debitorum
1191 989 1229 1052 in
1258 981 1403 1074 quibus¹

372 1090 460 1156 idem
482 1090 593 1155 Abbas
616 1094 649 1155 et
672 1090 863 1156 Conventus
885 1090 1085 1156 tenebantur
1107 1090 1264 1176 praedioto
1289 1090 1385 1156 Hen-

373 1192 440 1258 rico
455 1193 496 1259 de
512 1193 659 1259 Meltone
681 1193 846 1272 defuneto,
863 1194 1079 1279 proquodam
1095 1215 1208 1259 annua
1221 1193 1382 1280 pensione

333 1303 351 1332 “
374 1296 484 1363 decem
507 1296 677 1374 libramm,
700 1302 734 1361 et
756 1295 885 1362 ratione
912 1296 1134 1383 cujuscunque
1165 1295 1382 1384 obligationis

334 1405 353 1434 “
375 1403 410 1464 et
432 1403 618 1465 contractus
640 1399 728 1465 inter
750 1399 855 1465 dictos
876 1398 1043 1464 Abbetem
1059 1405 1093 1464 et
1116 1398 1331 1466 Conventum
1345 1402 1381 1464 et

334 1511 351 1537 ‘¹
373 1501 568 1589 praediotum
591 1501 770 1567 Henrioum
796 1501 1011 1589 ¹quoounque
1033 1507 1180 1590 tempore
1206 1501 1378 1568 initorum

333 1611 353 1642 ‘¹
377 1606 423 1670 Et
445 1604 532 1670 idem
556 1604 739 1670 Willelmns
762 1604 881 1691 Hordy
903 1611 937 1670 et
959 1606 1071 1693 Agnes
1101 1627 1159 1692 per
1180 1605 1379 1691 praediotnm

332 1715 349 1741 “
371 1707 529 1793 scriptum
552 1712 787 1785 concesserunt,
804 1708 891 1793 quod
914 1708 1025 1773 omnio
1047 1707 1169 1794 scripto
1184 1707 1226 1774 de
1241 1708 1377 1794 praedio

330 1819 348 1846 “
369 1809 414 1875 tis
436 1811 595 1897 religiosis
625 1811 714 1888 viris,
738 1810 791 1876 vel
826 1831 938 1875 eorum
970 1810 1215 1889 suceesson'bus,
1238 1811 1378 1898 praefsto

331 1921 348 1947 “
370 1912 515 1979 Henrioo
529 1913 625 1990 fecto,
640 1913 773 1979 omnino
797 1913 838 1977 de
853 1920 971 1979 ooetero
986 1914 1113 1979 viribus
1136 1914 1205 1979 suis
1220 1918 1377 1991 carerent,

331 2025 349 2051 ‘¹
370 2022 405 2083 et
427 2016 566 2096 effectu3
588 2018 637 2081 ito
661 2017 749 2102 quod
772 2015 950 2102 ”quaelibet
965 2017 1050 2081 notio
1066 2017 1289 2103 cujuscunque
1304 2039 1377 2083 exe·

330 2131 349 2159 “
371 2129 522 2190 tutorum
548 2122 698 2209 praedicti
723 2123 858 2189 Henrioi
899 2123 939 2188 de
971 2123 1117 2189 Meltone
1147 2145 1263 2190 versus
1294 2147 1373 2212 prae·

331 2235 347 2263 ‘⁴
370 2227 475 2292 dictos
500 2225 676 2312 religiosos,
703 2231 737 2290 et
763 2247 875 2290 eorum
901 2247 1105 2304 successores,
1123 2226 1164 2291 de
1179 2227 1375 2313 quibuscun-

330 2337 348 2362 “
370 2351 435 2414 que
473 2328 594 2394 debitis
624 2329 661 2392 in
696 2327 815 2414 quibus
847 2328 1046 2393 tenebantur
1083 2330 1189 2395 eidem
1222 2331 1371 2405 Henrioo,

330 2440 347 2466 ‘¹
370 2431 518 2498 totaliter
539 2431 657 2497 amodo
680 2432 725 2496 sit
747 2432 901 2496 extincto.

374 2534 459 2600 “Et
497 2534 620 2621 profert
649 2534 702 2599 hio
736 2534 928 2620 praediotum
956 2533 1123 2619 scriptum,
1152 2534 1213 2600 sub
1241 2510 1369 2602 nomine

330 2636 515 2722 “ipsorum
540 2636 697 2700 Willelmi
724 2642 758 2702 et
782 2637 932 2722 Agnetis,
960 2637 1049 2722 quod
1076 2637 1136 2703 hoo
1163 2638 1251 2703 idem
1276 2645 1370 2705 testor

329 2746 346 2776 ‘¹
370 2744 443 2819 tur;
469 2738 562 2824 cujus
586 2739 666 2802 dato
692 2746 742 2804 est
771 2740 859 2825 apud
883 2738 1157 2826 Wyvelyngham,
1175 2741 1228 2805 die
1259 2741 1369 2809 Domi-

330 2849 347 2875 “
369 2842 444 2906 nioa
484 2841 634 2926 proximo
679 2846 753 2927 post
794 2842 931 2906 Festum
976 2842 1215 2908 Translationis
1261 2843 1368 2909 Sancti

327 2953 345 2978 “
367 2944 502 3009 Thomae
535 2944 785 3030 Anchiepisoopi‚
820 2966 906 3009 anno
940 2945 1031 3030 regni
1072 2944 1170 3031 Regis
1203 2945 1367 3023 Edwardi,

328 3045 471 3112 “Tertii
495 3069 516 3112 a
543 3047 752 3133 Conquaestu‚
777 3048 912 3132 quinto:
939 3046 1027 3111 undo
1051 3048 1136 3133 petit
1155 3048 1328 3132 judicium,
1343 3050 1367 3113 si

327 3156 345 3184 “
367 3149 622 3216 contrafactum
642 3149 788 3235 ipsorum
811 3148 968 3213 Willelmi
987 3155 1022 3214 et
1042 3149 1184 3235 Agnetis
1207 3151 1365 3218 notionem

328 3259 345 3285 ‘¹
367 3253 486 3318 habere
509 3252 627 3318 debeat
648 3258 680 3317 et
701 3259 824 3318 ooetero.

372 3356 457 3420 “Et
480 3356 660 3442 praedictus
685 3354 870 3419 Willelmus
894 3355 933 3419 de
959 3354 1079 3441 Ferybi
1100 3378 1167 3421 non
1183 3363 1296 3444 potest
1310 3357 1365 3424 hoo

328 3464 345 3492 “
369 3457 521 3536 dedicere,
540 3459 620 3544 quin
644 3457 712 3543 ipse
739 3464 772 3522 et
798 3456 948 3544 praedioti
974 3457 1156 3523 Willelmus
1188 3459 1309 3548 Hardy
1336 3464 1367 3525 et

326 3568 342 3593 “
365 3558 477 3646 Agnes
502 3565 694 3646 reoeperunt
721 3560 871 3626 denarios
896 3560 1069 3647 praediotos
1093 3563 1129 3626 in
1156 3562 1262 3628 forma
1289 3585 1369 3652 prae·

327 3668 344 3694 “
368 3661 464 3726 diota.

160 3781 215 3833 The
225 3783 280 3833 Ab·

156 3850 220 3900 bot'e

155 3915 256 3968 defense
267 3917 289 3968 is

155 3982 268 4044 allowed,
327 3979 343 4005 “

155 4050 206 4099 and
216 4051 260 4101 the

154 4114 272 4167 claimant
325 4081 341 4109 C(

372 3771 388 3799 ‘¹
412 3764 491 3830 Ideo
516 3767 756 3831 consideratum
782 3774 838 3844 est,
856 3768 943 3853 quod
967 3767 1142 3853 praediotus
1172 3770 1288 3835 Abbas
1311 3774 1362 3835 eet

327 3875 344 3901 “
366 3867 443 3932 inde
468 3869 537 3933 sine
564 3867 625 3932 die.
666 3869 712 3934 Et
747 3871 925 3955 praediotus
952 3869 1135 3936 Willelmus
1167 3872 1207 3937 de
1235 3872 1366 3959 Feryby

364 3970 449 4035 nihil
473 3971 580 4058 oopiot
602 3993 660 4056 per
682 3971 781 4036 breve
804 3995 921 4052 suum3
944 3973 1000 4038 sed
1024 3975 1068 4038 sit
1091 3974 1127 4037 in
1151 3974 1366 4041 misericordia

364 4095 422 4161 pro
444 4074 525 4139 falso
549 4074 674 4154 olenio,
698 4081 726 4139 et
749 4074 892 4141 ooetero.”
