3038 5452
432 726 641 776 1611611111
666 727 788 775 suurn
811 727 947 776 1161111.
1144 716 1208 777 433

165 909 185 935 ‘⁸
205 910 303 966 omnia
329 912 445 983 plenius
475 912 592 969 effectui
622 913 833 985 mancipentur,
859 912 1028 968 ordinamus
1051 916 1087 965 nt
1109 925 1209 964 omnes
1238 894 1359 958 Th⁰¹¹1⁸⁸2

165 995 184 1019 ‘⁴
205 995 338 1050 monachi
364 997 458 1052 nostri
475 997 553 1053 infra
580 1004 662 1071 septa
679 997 859 1061 Monasterii,
883 997 932 1052 vel
956 996 1118 1060 Prioratus‚
1138 994 1210 1048 hora
1253 967 1339 1080 ἕξω

164 1082 183 1105 “
203 1077 366 1150 Capitulari
391 1081 560 1147 existentes,
587 1083 645 1154 ipsi
674 1082 811 1153 capitulo
835 1081 980 1145 intersint,
999 1080 1059 1135 nisi
1086 1079 1153 1150 quis
1173 1094 1208 1130 ex
1260 1066 1347 1145 A.D.'

163 1165 183 1187 ‘⁴
203 1179 292 1218 causa
307 1165 484 1230 rationabili,
506 1173 620 1222 etcum
644 1165 810 1236 Superioris
832 1165 959 1229 licentia,
979 1181 1011 1220 se
1029 1161 1206 1224 absentarit;
1238 1166 1359 1215 lue-ao.

162 1246 329 1319 “exceptis
355 1247 569 1305 Archidiacono
594 1256 624 1306 et
648 1249 808 1320 majoribus
834 1247 1059 1304 Obedientiariis
1084 1245 1207 1301 Abbatis
1264 1257 1329 1270 ····

163 1330 183 1355 “
200 1335 231 1384 et
252 1330 435 1398 Conventus3
463 1352 536 1405 quos
555 1334 650 1389 solum
670 1333 707 1387 ad
732 1331 964 1388 interessendum
991 1331 1049 1402 ipsi
1073 1329 1208 1402 Capitulo

162 1414 183 1439 ⁴⁴
202 1414 304 1470 diebus
323 1415 485 1473 Dominicis
504 1423 534 1472 et
551 1418 582 1472 in
592 1417 726 1486 Vigiliis,
746 1416 895 1488 inquibus
914 1434 932 1470 a
943 1415 1096 1470 Conventu
1112 1413 1208 1468 Venia

162 1499 183 1524 ⁴⁸
202 1509 249 1553 est
265 1499 413 1571 capienda,
434 1501 558 1573 astringi
579 1500 725 1555 volumus.
763 1500 930 1570 Nullusque
949 1504 1061 1554 secreta
1078 1496 1208 1568 Capituli

161 1583 182 1608 '‘
201 1580 339 1655 detegere
357 1591 535 1656 praesumat;
557 1583 680 1656 quodsi
700 1584 767 1655 quis
790 1584 903 1648 fecerit,
923 1583 1005 1638 ultra
1027 1599 1144 1654 posnam
1164 1581 1208 1635 in·

160 1666 180 1692 ‘⁸
200 1665 403 1723 obedientibus
421 1668 560 1732 debitam,
580 1667 617 1722 ed
636 1667 805 1739 Capitulum
824 1685 891 1722 cum
909 1666 1023 1721 caeteris
1041 1665 1206 1720 nullatenus

160 1751 181 1776 “
198 1748 378 1806 admittatur.
414 1751 582 1823 Nullusque
603 1751 770 1807 Praesidcns
794 1751 1014 1822 praecipitanter
1038 1755 1089 1804 aut
1114 1748 1206 1804 sacili·

160 1840 180 1863 ‘⁴
200 1843 254 1902 tcr,
274 1845 306 1893 et
323 1839 386 1894 sine
407 1857 514 1912 magna
535 1857 633 1905 causa,
656 1840 687 1895 in
709 1839 845 1909 Capitulo
864 1839 912 1893 vel
933 1843 1024 1901 extra,
1047 1838 1078 1891 in
1097 1838 1207 1893 virtute

159 1923 180 1948 ‘⁴
199 1921 380 1987 obedieutiae,
400 1930 452 1978 aut
469 1924 524 1979 sub
541 1941 629 1995 poena
640 1922 955 1986 excommunicationis,
967 1922 1067 1992 aliqua
1075 1900 1208 1977 fdcienda

159 2009 178 2032 “
199 2007 359 2078 precipiat,
379 2013 431 2062 aut
448 2007 585 2062 cavenda.
624 2007 878 2077 Provideaturque
896 2005 1047 2070 attentius,
1066 2022 1103 2059 ne
1123 2005 1206 2076 quies

158 2091 179 2115 '‘
198 2091 322 2146 fratrum
339 2091 372 2145 in
389 2091 526 2156 claustro,
540 2099 591 2146 aut
609 2091 726 2146 Ordinis
738 2091 884 2154 honestas,
903 2089 1080 2162 impediatur
1096 2090 1207 2161 aliqua-

157 2174 177 2201 ‘'
196 2173 267 2229 liter
283 2192 336 2247 per
353 2192 528 2231 concursum
545 2175 740 2240 saecularium,
760 2174 808 2231 vel
823 2191 982 2230 accessum.

195 2261 214 2284 ‘⁴
233 2257 409 2314 Melioribus
428 2276 543 2330 quoque
560 2259 729 2330 ingressum
746 2259 777 2313 in
795 2259 966 2323 claustrum,
991 2256 1131 2314 fratribus
1150 2256 1204 2312 ibi·
1217 2252 1257 2304 06
1274 2254 1316 2304 the
1326 2271 1371 2304 ex·

157 2347 177 2372 “
194 2345 263 2399 dem
281 2346 461 2413 sedentibus,
481 2346 619 2402 volumus
637 2347 755 2418 penitus
780 2347 934 2412 interdioi;
954 2363 988 2401 ac
1012 2346 1101 2401 etiam
1124 2346 1202 2400 omni
1216 2321 1311 2438 ἓξὲξ
1323 2322 1354 2372 ⁰s

156 2434 178 2459 ‘⁶
199 2432 258 2487 alio
277 2438 418 2506 ternpore,
441 2440 549 2506 quanto
568 2434 719 2490 commode
736 2436 853 2506 poterit,
874 2434 1279 2504 66116661111116161161161,0111
1295 2455 1338 2505 ,he

157 2519 178 2542 “
198 2517 277 2572 circa
300 2517 436 2574 honestas
461 2527 492 2574 et
514 2518 626 2573 nobiles
651 2536 800 2589 personas,
826 2518 932 2589 quibus
957 2519 1119 2590 ingressus,
1140 2518 1202 2572 sine
1216 2522 1323 2573 clcister.

156 2603 176 2627 “
197 2599 306 2656 offensa
323 2602 410 2672 gravi
435 2609 465 2658 et
483 2602 655 2657 Monastcrii
673 2601 836 2672 dispendio,
862 2603 1001 2673 denegari
1025 2620 1083 2656 nou
1099 2603 1202 2673 possit.

156 2686 176 2711 '‘
196 2683 321 2756 Insuper
338 2703 407 2741 cum
424 2686 598 2741 mulieribus
618 2686 783 2750 collocutio,
803 2685 861 2741 nisi
878 2704 932 2757 pro
951 2687 1106 2742 manifesta
1124 2687 1205 2742 utili·

155 2770 176 2795 “
195 2773 255 2824 tate
273 2775 304 2824 et
321 2788 410 2825 causa
427 2769 604 2834 rationabili,
619 2769 708 2825 alicui
726 2771 868 2825 monacho
880 2770 999 2826 minime
1018 2771 1202 2826 concedatur.

155 2854 175 2879 “
195 2851 350 2908 Proedictis
368 2870 439 2908 vero
457 2852 621 2924 adjiciendo
651 2853 834 2909 declaramus
860 2854 1035 2926 Suppriores
1056 2854 1203 2910 Cellarum

154 2939 174 2962 “
195 2942 361 2992 nostrerum
391 2936 446 2992 sub
476 2936 633 3008 disciplina
662 2936 800 2991 Priorum
827 2939 969 3006 exister03
1008 2939 1203 3010 injungimus·

154 3023 174 3046 ‘⁴
195 3038 251 3091 que
276 3020 351 3092 ipsis
376 3020 540 3086 Prioribus,
565 3026 600 3076 ut
618 3037 686 3076 suos
716 3019 898 3092 Suppriorss,
927 3040 994 3076 cnm
1021 3022 1201 3093 delinquant,

152 3105 174 3131 ‘¹
194 3104 272 3160 sicut
296 3109 417 3159 caeteros
443 3104 558 3169 fratres,
578 3104 757 3175 regulariter
786 3105 947 3177 corripiant
977 3111 1007 3160 et
1036 3106 1182 3176 castigent
1194 3128 1203 3170 ;

152 3188 172 3215 ‘⁸
193 3187 275 3243 salvo
298 3187 376 3260 quod
396 3205 444 3243 eos
457 3207 475 3242 6
486 3206 556 3244 cura
575 3205 628 3259 per
650 3205 701 3243 nos
720 3189 763 3242 eis
777 3188 885 3243 tradita
908 3207 1091 3260 nequaquam
1110 3190 1205 3243 ι111116-

154 3274 174 3300 “
193 3289 263 3327 vere
275 3278 464 3342 praesumant.
509 3272 549 3327 Et
579 3272 650 3343 quia
673 3273 710 3327 de
730 3272 798 3343 jure
823 3280 868 3329 est
892 3273 956 3345 ejus
981 3274 1095 3329 solvere
1118 3273 1203 3343 cujus

152 3359 173 3384 “
193 3361 240 3411 est
262 3355 366 3427 ligare,
392 3356 528 3412 volumus
553 3362 583 3412 et
607 3356 785 3421 ordinamus,
811 3363 845 3411 nt
868 3376 935 3413 cum
960 3358 996 3413 ab
1022 3359 1120 3430 aliquo
1139 3376 1203 3414 cus·

152 3442 173 3468 “
192 3439 260 3494 tode
286 3438 406 3495 Ordinis
431 3439 520 3494 alicui
540 3457 594 3511 pro
622 3440 711 3511 culpa
735 3458 789 3495 sua
810 3458 895 3512 poena
917 3442 1127 3513 qualiscunque
1148 3443 1202 3497 im·

151 3527 171 3552 “
190 3524 318 3596 ponitur,
338 3523 439 3579 nullus
458 3523 613 3579 custodum
630 3524 752 3579 inferior
764 3542 799 3580 eo
820 3526 872 3597 qui
883 3543 995 3596 poenam
1016 3527 1200 3598 imposuerit,

152 3610 172 3635 “
192 3608 290 3679 ipsum
302 3607 463 3671 absolvere,
488 3607 537 3663 rel
561 3607 806 3679 qualitercunque
824 3627 891 3664 cum
904 3611 977 3681 ipso,
992 3612 1088 3682 quoad
1106 3613 1200 3684 ipsam

152 3693 172 3719 ‘¹
261 3691 268 3704 '
334 3691 341 3704 ⁶
443 3692 450 3704 ’
505 3710 525 3745 11
575 3708 591 3745 6
630 3710 646 3745 1
771 3733 777 3746 .

188 3691 630 3831 ffibedbumdlbedldpdeustdrtord
637 3697 773 3831 rdddblblri
785 3782 893 3832 nostrae
905 3779 1096 3849 professionis
1114 3781 1200 3836 otiosi
1212 3801 1252 3848 οη
1264 3798 1306 3849 the

151 3862 171 3887 ‘¹
191 3860 387 3923 inveniantur,
413 3864 444 3914 et
468 3860 510 3914 sio
534 3876 584 3914 eos
608 3860 776 3931 praecipitet
792 3861 824 3915 in
841 3867 966 3927 reatum,
989 3865 1145 3920 statuimus
1167 3872 1200 3921 ut
1212 3866 1274 3928 duty
1285 3865 1316 3914 of
1324 3865 1366 3916 the
1468 3913 1471 3916 .

151 3946 171 3971 “
191 3943 325 3999 monachi
343 3944 446 4006 nostri,
466 3950 530 3998 tum
558 3942 589 3996 in
610 3942 701 3999 Gallis
727 3962 817 4016 quam
840 3946 872 4000 in
905 3947 1061 4018 principali
1084 3930 1327 4045 Momtressaren
1340 3941 1366 3984 ⁸⁰

150 4030 170 4055 “
190 4027 265 4082 turio
284 4031 505 4090 commorantes,
525 4026 589 4080 loco
607 4027 704 4096 operis
719 4029 873 4093 manualis,
893 4031 1053 4085 secundum
1064 4031 1197 4087 habilita·
1210 4012 1323 4118 {aa

148 4113 249 4165 “tem
279 4108 448 4173 eorundem,
479 4109 568 4164 certis
600 4109 660 4165 sint
691 4112 841 4167 exercitiis
872 4115 1015 4184 occupati,
1047 4114 1194 4179 videlicet,

149 4197 169 4222 “
189 4193 342 4259 studendo,
362 4193 498 4264 legendo,
512 4194 662 4265 librosque
682 4195 844 4261 scribendo,
858 4198 993 4261 notaud0,
1014 4198 1195 4269 corrigendo,

150 4278 170 4306 '‘
190 4277 392 4341 illuminando,
423 4277 535 4350 pariter
560 4285 590 4332 et
613 4277 753 4347 ligando:
774 4280 822 4333 vel
851 4281 901 4350 qui
920 4282 1105 4353 nequiverint
1132 4301 1197 4338 cou-

147 4365 167 4390 “
186 4359 334 4431 templari,
353 4378 407 4416 neo
435 4360 466 4416 in
492 4361 558 4416 istis
585 4362 733 4417 exercitiis
761 4363 903 4418 sciverint
920 4366 1065 4436 occupari,
1085 4366 1123 4421 ad
1140 4367 1198 4423 6116

148 4446 169 4473 “
189 4461 280 4516 opera
296 4444 428 4510 honesta,
448 4444 627 4500 Monasterio
645 4445 743 4516 magis
762 4448 936 4512 necessaria,
956 4466 1009 4518 per
1025 4468 1087 4514 nos,
1107 4459 1146 4516 et,
1168 4453 1197 4507 in

565 4618 573 4650 ¹
585 4636 716 4672 6616166616
727 4620 753 4670 in
764 4622 820 4672 MS.

998 4723 1018 4770 E
1042 4724 1062 4772 Ε
