<?xml version="1.0" encoding="UTF-8"?>
<!DOCTYPE html PUBLIC "-//W3C//DTD XHTML 1.0 Transitional//EN"
    "http://www.w3.org/TR/xhtml1/DTD/xhtml1-transitional.dtd">
<html xmlns="http://www.w3.org/1999/xhtml" xml:lang="en" lang="en">
 <head>
  <title>
</title>
<meta http-equiv="Content-Type" content="text/html;charset=utf-8" />
  <meta name='ocr-system' content='tesseract 3.04.00' />
  <meta name='ocr-capabilities' content='ocr_page ocr_carea ocr_par ocr_line ocrx_word'/>
</head>
<body>
  <div class='ocr_page' id='page_1' title='image "./gestaabbatummon00parigoog_0305.png"; bbox 0 0 3038 5452; ppageno 0'>
   <div class='ocr_carea' id='block_1_1' title="bbox 323 717 994 788">
    <p class='ocr_par' dir='ltr' id='par_1_1' title="bbox 323 717 994 788">
     <span class='ocr_line' id='line_1_1' title="bbox 323 717 994 788; baseline -0.006 -4"><span class='ocrx_word' id='word_1_1' title='bbox 323 717 387 788; x_wconf 74' lang='lat'>274</span> <span class='ocrx_word' id='word_1_2' title='bbox 700 732 806 780; x_wconf 76' lang='lat' dir='ltr'>essm</span> <span class='ocrx_word' id='word_1_3' title='bbox 829 731 994 781; x_wconf 72' lang='lat' dir='ltr'>susurru</span> 
     </span>
    </p>
   </div>
   <div class='ocr_carea' id='block_1_2' title="bbox 152 916 1377 3661">
    <p class='ocr_par' dir='ltr' id='par_1_2' title="bbox 152 916 1375 1312">
     <span class='ocr_line' id='line_1_2' title="bbox 152 916 1371 1007; baseline -0.004 -22"><span class='ocrx_word' id='word_1_4' title='bbox 152 927 342 1005; x_wconf 66' lang='lat' dir='ltr'>nicharon.,“</span> <span class='ocrx_word' id='word_1_5' title='bbox 365 920 513 1007; x_wconf 86' lang='lat' dir='ltr'>praedioti</span> <span class='ocrx_word' id='word_1_6' title='bbox 535 925 606 984; x_wconf 88' lang='lat' dir='ltr'>toto</span> <span class='ocrx_word' id='word_1_7' title='bbox 629 924 775 1004; x_wconf 88' lang='lat' dir='ltr'>tempore</span> <span class='ocrx_word' id='word_1_8' title='bbox 798 917 963 1004; x_wconf 84' lang='lat' dir='ltr'>praediotae</span> <span class='ocrx_word' id='word_1_9' title='bbox 987 916 1124 1003; x_wconf 85' lang='lat' dir='ltr'>Reginae</span> <span class='ocrx_word' id='word_1_10' title='bbox 1145 917 1371 982; x_wconf 82' lang='lat' dir='ltr'>detinuerrmt</span> 
     </span>
     <span class='ocr_line' id='line_1_3' title="bbox 206 995 1374 1123; baseline -0.003 -35"><span class='ocrx_word' id='word_1_11' title='bbox 206 995 284 1123; x_wconf 52' lang='grc' dir='ltr'>Μ,</span> <span class='ocrx_word' id='word_1_12' title='bbox 326 1024 413 1088; x_wconf 88' lang='lat' dir='ltr'>“Et</span> <span class='ocrx_word' id='word_1_13' title='bbox 445 1028 520 1109; x_wconf 87' lang='lat' dir='ltr'>post</span> <span class='ocrx_word' id='word_1_14' title='bbox 553 1023 718 1088; x_wconf 77' lang='lat' dir='ltr'>decessum</span> <span class='ocrx_word' id='word_1_15' title='bbox 745 1021 891 1106; x_wconf 84' lang='lat' dir='ltr'>praefatae</span> <span class='ocrx_word' id='word_1_16' title='bbox 924 1020 1089 1084; x_wconf 86' lang='lat' dir='ltr'>Alienorae</span> <span class='ocrx_word' id='word_1_17' title='bbox 1120 1020 1267 1105; x_wconf 83' lang='lat' dir='ltr'>Reginoe,</span> <span class='ocrx_word' id='word_1_18' title='bbox 1288 1021 1374 1084; x_wconf 85' lang='lat' dir='ltr'>aviae</span> 
     </span>
     <span class='ocr_line' id='line_1_4' title="bbox 198 1120 1375 1216; baseline -0.004 -25"><span class='ocrx_word' id='word_1_19' title='bbox 198 1126 268 1178; x_wconf 63' lang='grc' dir='ltr'>ΑΒ·</span> <span class='ocrx_word' id='word_1_20' title='bbox 324 1135 341 1160; x_wconf 91' lang='lat'><em>“</em></span> <span class='ocrx_word' id='word_1_21' title='bbox 365 1133 393 1191; x_wconf 80' lang='lat' dir='ltr'>at</span> <span class='ocrx_word' id='word_1_22' title='bbox 414 1132 538 1216; x_wconf 70' lang='lat' dir='ltr'>eoetera</span> <span class='ocrx_word' id='word_1_23' title='bbox 562 1123 725 1189; x_wconf 88' lang='lat' dir='ltr'>Robertus</span> <span class='ocrx_word' id='word_1_24' title='bbox 756 1121 786 1188; x_wconf 96' lang='lat' dir='ltr'>le</span> <span class='ocrx_word' id='word_1_25' title='bbox 821 1122 953 1203; x_wconf 87' lang='lat' dir='ltr'>Parker,</span> <span class='ocrx_word' id='word_1_26' title='bbox 978 1120 1123 1188; x_wconf 80' lang='lat' dir='ltr'>ballivus</span> <span class='ocrx_word' id='word_1_27' title='bbox 1146 1121 1286 1186; x_wconf 86' lang='lat' dir='ltr'><strong>Domini</strong></span> <span class='ocrx_word' id='word_1_28' title='bbox 1309 1120 1375 1186; x_wconf 85' lang='lat' dir='ltr'>Ed·</span> 
     </span>
     <span class='ocr_line' id='line_1_5' title="bbox 289 1222 1375 1312; baseline -0.004 -20"><span class='ocrx_word' id='word_1_29' title='bbox 289 1230 296 1245; x_wconf 84' lang='lat'>’</span> <span class='ocrx_word' id='word_1_30' title='bbox 323 1235 342 1261; x_wconf 91' lang='lat'><em>“</em></span> <span class='ocrx_word' id='word_1_31' title='bbox 364 1228 467 1292; x_wconf 83' lang='lat' dir='ltr'>wardi</span> <span class='ocrx_word' id='word_1_32' title='bbox 490 1227 596 1312; x_wconf 84' lang='lat' dir='ltr'>Regis,</span> <span class='ocrx_word' id='word_1_33' title='bbox 629 1226 685 1290; x_wconf 84' lang='lat' dir='ltr'>avi</span> <span class='ocrx_word' id='word_1_34' title='bbox 708 1225 809 1311; x_wconf 85' lang='lat' dir='ltr'>Regis</span> <span class='ocrx_word' id='word_1_35' title='bbox 830 1245 927 1303; x_wconf 88' lang='lat' dir='ltr'>nune,</span> <span class='ocrx_word' id='word_1_36' title='bbox 963 1231 997 1289; x_wconf 86' lang='lat' dir='ltr'>et</span> <span class='ocrx_word' id='word_1_37' title='bbox 1019 1223 1180 1300; x_wconf 89' lang='lat' dir='ltr'>similiter,</span> <span class='ocrx_word' id='word_1_38' title='bbox 1221 1224 1281 1289; x_wconf 88' lang='lat' dir='ltr'>alii</span> <span class='ocrx_word' id='word_1_39' title='bbox 1303 1222 1375 1288; x_wconf 78' lang='lat' dir='ltr'>bel-</span> 
     </span>
    </p>

    <p class='ocr_par' dir='ltr' id='par_1_3' title="bbox 325 1325 1377 1517">
     <span class='ocr_line' id='line_1_6' title="bbox 325 1325 1374 1415; baseline -0.003 -22"><span class='ocrx_word' id='word_1_40' title='bbox 325 1336 342 1364; x_wconf 90' lang='lat'>“</span> <span class='ocrx_word' id='word_1_41' title='bbox 366 1330 427 1393; x_wconf 90' lang='lat' dir='ltr'>livi</span> <span class='ocrx_word' id='word_1_42' title='bbox 441 1329 591 1415; x_wconf 84' lang='lat' dir='ltr'>praedieti</span> <span class='ocrx_word' id='word_1_43' title='bbox 609 1327 747 1392; x_wconf 86' lang='lat' dir='ltr'>manerii</span> <span class='ocrx_word' id='word_1_44' title='bbox 761 1326 803 1391; x_wconf 92' lang='lat' dir='ltr'>de</span> <span class='ocrx_word' id='word_1_45' title='bbox 819 1327 972 1412; x_wconf 87' lang='lat' dir='ltr'>Langlee,</span> <span class='ocrx_word' id='word_1_46' title='bbox 994 1326 1190 1412; x_wconf 83' lang='lat' dir='ltr'>praedictum</span> <span class='ocrx_word' id='word_1_47' title='bbox 1205 1325 1374 1391; x_wconf 88' lang='lat' dir='ltr'>redditum</span> 
     </span>
     <span class='ocr_line' id='line_1_7' title="bbox 325 1428 1377 1517; baseline -0.003 -22"><span class='ocrx_word' id='word_1_48' title='bbox 325 1431 544 1496; x_wconf 92' lang='lat' dir='ltr'>“molendini</span> <span class='ocrx_word' id='word_1_49' title='bbox 583 1431 742 1517; x_wconf 85' lang='lat' dir='ltr'>praedioti&#39;</span> <span class='ocrx_word' id='word_1_50' title='bbox 767 1433 840 1494; x_wconf 87' lang='lat' dir='ltr'>toto</span> <span class='ocrx_word' id='word_1_51' title='bbox 876 1434 1022 1515; x_wconf 89' lang='lat' dir='ltr'>tempore</span> <span class='ocrx_word' id='word_1_52' title='bbox 1060 1451 1120 1494; x_wconf 91' lang='lat' dir='ltr'>suo</span> <span class='ocrx_word' id='word_1_53' title='bbox 1148 1428 1377 1494; x_wconf 89' lang='lat' dir='ltr'>detinuerunt.</span> 
     </span>
    </p>

    <p class='ocr_par' dir='ltr' id='par_1_4' title="bbox 324 1523 1374 1619">
     <span class='ocr_line' id='line_1_8' title="bbox 324 1523 1374 1619; baseline -0.004 -20"><span class='ocrx_word' id='word_1_54' title='bbox 324 1542 340 1570; x_wconf 91' lang='lat'><strong>“</strong></span> <span class='ocrx_word' id='word_1_55' title='bbox 364 1535 410 1599; x_wconf 84' lang='lat' dir='ltr'>Et</span> <span class='ocrx_word' id='word_1_56' title='bbox 432 1539 506 1619; x_wconf 91' lang='lat' dir='ltr'>post</span> <span class='ocrx_word' id='word_1_57' title='bbox 537 1523 703 1598; x_wconf 71' lang='lat' dir='ltr'>deoe&#39;ssum</span> <span class='ocrx_word' id='word_1_58' title='bbox 734 1531 884 1619; x_wconf 82' lang='lat' dir='ltr'>praedieti</span> <span class='ocrx_word' id='word_1_59' title='bbox 919 1531 1055 1596; x_wconf 91' lang='lat' dir='ltr'>Domini</span> <span class='ocrx_word' id='word_1_60' title='bbox 1083 1531 1184 1616; x_wconf 86' lang='lat' dir='ltr'>Regis</span> <span class='ocrx_word' id='word_1_61' title='bbox 1200 1529 1374 1607; x_wconf 82' lang='lat' dir='ltr'>Edwardi,</span> 
     </span>
    </p>

    <p class='ocr_par' dir='ltr' id='par_1_5' title="bbox 325 1633 1376 1823">
     <span class='ocr_line' id='line_1_9' title="bbox 325 1633 1376 1720; baseline -0.003 -19"><span class='ocrx_word' id='word_1_62' title='bbox 325 1643 342 1672; x_wconf 91' lang='lat'>“</span> <span class='ocrx_word' id='word_1_63' title='bbox 365 1637 420 1701; x_wconf 82' lang='lat' dir='ltr'>avi</span> <span class='ocrx_word' id='word_1_64' title='bbox 457 1643 487 1700; x_wconf 80' lang='lat' dir='ltr'>et</span> <span class='ocrx_word' id='word_1_65' title='bbox 522 1643 647 1715; x_wconf 72' lang='lat' dir='ltr'>acetosa</span> <span class='ocrx_word' id='word_1_66' title='bbox 684 1635 825 1699; x_wconf 84' lang='lat' dir='ltr'>intravit</span> <span class='ocrx_word' id='word_1_67' title='bbox 859 1635 1021 1699; x_wconf 81' lang='lat' dir='ltr'>Dominus</span> <span class='ocrx_word' id='word_1_68' title='bbox 1056 1633 1251 1711; x_wconf 85' lang='lat' dir='ltr'>Edwardus,</span> <span class='ocrx_word' id='word_1_69' title='bbox 1282 1637 1376 1720; x_wconf 86' lang='lat' dir='ltr'>puter</span> 
     </span>
     <span class='ocr_line' id='line_1_10' title="bbox 325 1735 1375 1823; baseline -0.005 -20"><span class='ocrx_word' id='word_1_70' title='bbox 325 1738 499 1803; x_wconf 90' lang='lat' dir='ltr'>“Domini</span> <span class='ocrx_word' id='word_1_71' title='bbox 533 1737 632 1823; x_wconf 86' lang='lat' dir='ltr'>Regis</span> <span class='ocrx_word' id='word_1_72' title='bbox 665 1758 760 1814; x_wconf 86' lang='lat' dir='ltr'>nune,</span> <span class='ocrx_word' id='word_1_73' title='bbox 791 1741 830 1801; x_wconf 90' lang='lat' dir='ltr'>ut</span> <span class='ocrx_word' id='word_1_74' title='bbox 856 1736 948 1801; x_wconf 89' lang='lat' dir='ltr'>filius</span> <span class='ocrx_word' id='word_1_75' title='bbox 971 1737 1141 1812; x_wconf 81' lang='lat' dir='ltr'>ethaeros,</span> <span class='ocrx_word' id='word_1_76' title='bbox 1164 1736 1202 1799; x_wconf 92' lang='lat' dir='ltr'>in</span> <span class='ocrx_word' id='word_1_77' title='bbox 1226 1735 1375 1800; x_wconf 79' lang='lat' dir='ltr'>manerio</span> 
     </span>
    </p>

    <p class='ocr_par' dir='ltr' id='par_1_6' title="bbox 325 1836 1375 2028">
     <span class='ocr_line' id='line_1_11' title="bbox 325 1836 1375 1926; baseline 0 -23"><span class='ocrx_word' id='word_1_78' title='bbox 325 1849 342 1875; x_wconf 92' lang='lat'><strong>“</strong></span> <span class='ocrx_word' id='word_1_79' title='bbox 363 1840 529 1926; x_wconf 85' lang='lat' dir='ltr'>praedioto.</span> <span class='ocrx_word' id='word_1_80' title='bbox 577 1840 620 1905; x_wconf 91' lang='lat' dir='ltr'>Iu</span> <span class='ocrx_word' id='word_1_81' title='bbox 654 1839 747 1925; x_wconf 87' lang='lat' dir='ltr'>eujus</span> <span class='ocrx_word' id='word_1_82' title='bbox 779 1844 935 1924; x_wconf 90' lang='lat' dir='ltr'>tempore,</span> <span class='ocrx_word' id='word_1_83' title='bbox 959 1839 1124 1903; x_wconf 74' lang='lat' dir='ltr'>bobertus</span> <span class='ocrx_word' id='word_1_84' title='bbox 1156 1838 1187 1903; x_wconf 88' lang='lat' dir='ltr'>le</span> <span class='ocrx_word' id='word_1_85' title='bbox 1220 1836 1375 1917; x_wconf 86' lang='lat' dir='ltr'>Parkere,</span> 
     </span>
     <span class='ocr_line' id='line_1_12' title="bbox 325 1940 1373 2028; baseline -0.003 -21"><span class='ocrx_word' id='word_1_86' title='bbox 325 1942 507 2008; x_wconf 84' lang='lat' dir='ltr'>“ballivus</span> <span class='ocrx_word' id='word_1_87' title='bbox 530 1964 608 2007; x_wconf 90' lang='lat' dir='ltr'>suus</span> <span class='ocrx_word' id='word_1_88' title='bbox 633 1941 770 2006; x_wconf 89' lang='lat' dir='ltr'>manerii</span> <span class='ocrx_word' id='word_1_89' title='bbox 792 1941 952 2028; x_wconf 81' lang='lat' dir='ltr'>praedioti,</span> <span class='ocrx_word' id='word_1_90' title='bbox 985 1941 1181 2027; x_wconf 81' lang='lat' dir='ltr'>praedictum</span> <span class='ocrx_word' id='word_1_91' title='bbox 1203 1940 1373 2005; x_wconf 90' lang='lat' dir='ltr'>redditum</span> 
     </span>
    </p>

    <p class='ocr_par' dir='ltr' id='par_1_7' title="bbox 325 2042 1375 2131">
     <span class='ocr_line' id='line_1_13' title="bbox 325 2042 1375 2131; baseline -0.003 -22"><span class='ocrx_word' id='word_1_92' title='bbox 325 2052 342 2078; x_wconf 90' lang='lat'>“</span> <span class='ocrx_word' id='word_1_93' title='bbox 363 2045 544 2110; x_wconf 87' lang='lat' dir='ltr'>molendini</span> <span class='ocrx_word' id='word_1_94' title='bbox 567 2044 716 2131; x_wconf 72' lang='lat' dir='ltr'>praedicti</span> <span class='ocrx_word' id='word_1_95' title='bbox 738 2064 842 2129; x_wconf 86' lang='lat' dir='ltr'>usque</span> <span class='ocrx_word' id='word_1_96' title='bbox 858 2042 902 2108; x_wconf 87' lang='lat' dir='ltr'>ad</span> <span class='ocrx_word' id='word_1_97' title='bbox 917 2064 1041 2107; x_wconf 86' lang='lat' dir='ltr'>annum</span> <span class='ocrx_word' id='word_1_98' title='bbox 1056 2043 1151 2129; x_wconf 83' lang='lat' dir='ltr'>regni</span> <span class='ocrx_word' id='word_1_99' title='bbox 1166 2043 1219 2106; x_wconf 88' lang='lat' dir='ltr'>sui</span> <span class='ocrx_word' id='word_1_100' title='bbox 1235 2044 1375 2108; x_wconf 86' lang='lat' dir='ltr'>tertium</span> 
     </span>
    </p>

    <p class='ocr_par' dir='ltr' id='par_1_8' title="bbox 324 2143 1374 2231">
     <span class='ocr_line' id='line_1_14' title="bbox 324 2143 1374 2231; baseline -0.003 -20"><span class='ocrx_word' id='word_1_101' title='bbox 324 2156 341 2180; x_wconf 88' lang='lat'><em>“</em></span> <span class='ocrx_word' id='word_1_102' title='bbox 363 2146 624 2225; x_wconf 86' lang='lat' dir='ltr'>¹detinuerunt;</span> <span class='ocrx_word' id='word_1_103' title='bbox 654 2167 718 2231; x_wconf 92' lang='lat' dir='ltr'>quo</span> <span class='ocrx_word' id='word_1_104' title='bbox 750 2168 848 2224; x_wconf 89' lang='lat' dir='ltr'>anuo,</span> <span class='ocrx_word' id='word_1_105' title='bbox 872 2146 915 2210; x_wconf 83' lang='lat' dir='ltr'>ad</span> <span class='ocrx_word' id='word_1_106' title='bbox 937 2145 1104 2230; x_wconf 89' lang='lat' dir='ltr'>querelam</span> <span class='ocrx_word' id='word_1_107' title='bbox 1135 2143 1273 2209; x_wconf 90' lang='lat' dir='ltr'>Domini</span> <span class='ocrx_word' id='word_1_108' title='bbox 1301 2143 1374 2209; x_wconf 91' lang='lat' dir='ltr'>Hu-</span> 
     </span>
    </p>

    <p class='ocr_par' dir='ltr' id='par_1_9' title="bbox 325 2247 1375 2335">
     <span class='ocr_line' id='line_1_15' title="bbox 325 2247 1375 2335; baseline -0.003 -22"><span class='ocrx_word' id='word_1_109' title='bbox 325 2258 341 2282; x_wconf 90' lang='lat'><em>“</em></span> <span class='ocrx_word' id='word_1_110' title='bbox 363 2249 467 2335; x_wconf 84' lang='lat' dir='ltr'>genis,</span> <span class='ocrx_word' id='word_1_111' title='bbox 482 2270 588 2335; x_wconf 82' lang='lat' dir='ltr'>nuper</span> <span class='ocrx_word' id='word_1_112' title='bbox 601 2247 745 2312; x_wconf 84' lang='lat' dir='ltr'>Abbatis</span> <span class='ocrx_word' id='word_1_113' title='bbox 768 2248 808 2314; x_wconf 91' lang='lat' dir='ltr'>de</span> <span class='ocrx_word' id='word_1_114' title='bbox 833 2248 954 2313; x_wconf 85' lang='lat' dir='ltr'>Sancto</span> <span class='ocrx_word' id='word_1_115' title='bbox 971 2247 1110 2324; x_wconf 90' lang='lat' dir='ltr'>Albano,</span> <span class='ocrx_word' id='word_1_116' title='bbox 1126 2247 1375 2333; x_wconf 71' lang='lat' dir='ltr'>praedecessoris</span> 
     </span>
    </p>

    <p class='ocr_par' dir='ltr' id='par_1_10' title="bbox 325 2349 1376 2437">
     <span class='ocr_line' id='line_1_16' title="bbox 325 2349 1376 2437; baseline -0.001 -22"><span class='ocrx_word' id='word_1_117' title='bbox 325 2359 341 2383; x_wconf 86' lang='lat'><em>“</em></span> <span class='ocrx_word' id='word_1_118' title='bbox 365 2351 506 2416; x_wconf 86' lang='lat' dir='ltr'>Abbatis</span> <span class='ocrx_word' id='word_1_119' title='bbox 528 2373 624 2430; x_wconf 84' lang='lat' dir='ltr'>nune,</span> <span class='ocrx_word' id='word_1_120' title='bbox 648 2350 805 2436; x_wconf 84' lang='lat' dir='ltr'>praefatus</span> <span class='ocrx_word' id='word_1_121' title='bbox 827 2349 989 2414; x_wconf 83' lang='lat' dir='ltr'>Dominus</span> <span class='ocrx_word' id='word_1_122' title='bbox 1011 2349 1197 2414; x_wconf 81' lang='lat' dir='ltr'>Edwerdus</span> <span class='ocrx_word' id='word_1_123' title='bbox 1213 2349 1295 2427; x_wconf 87' lang='lat' dir='ltr'>Rex,</span> <span class='ocrx_word' id='word_1_124' title='bbox 1320 2371 1376 2437; x_wconf 83' lang='lat' dir='ltr'>pa·</span> 
     </span>
    </p>

    <p class='ocr_par' dir='ltr' id='par_1_11' title="bbox 326 2451 1375 2539">
     <span class='ocr_line' id='line_1_17' title="bbox 326 2451 1375 2539; baseline 0.003 -22"><span class='ocrx_word' id='word_1_125' title='bbox 326 2462 341 2486; x_wconf 81' lang='lat'>‘¹</span> <span class='ocrx_word' id='word_1_126' title='bbox 365 2458 417 2517; x_wconf 90' lang='lat' dir='ltr'>ter</span> <span class='ocrx_word' id='word_1_127' title='bbox 438 2461 468 2519; x_wconf 82' lang='lat' dir='ltr'>et</span> <span class='ocrx_word' id='word_1_128' title='bbox 482 2460 607 2533; x_wconf 66' lang='lat' dir='ltr'>ooemra,</span> <span class='ocrx_word' id='word_1_129' title='bbox 630 2474 690 2539; x_wconf 94' lang='lat' dir='ltr'>pro</span> <span class='ocrx_word' id='word_1_130' title='bbox 710 2455 792 2518; x_wconf 89' lang='lat' dir='ltr'>totis</span> <span class='ocrx_word' id='word_1_131' title='bbox 814 2451 1018 2538; x_wconf 73' lang='lat' dir='ltr'>temporibus</span> <span class='ocrx_word' id='word_1_132' title='bbox 1040 2451 1187 2538; x_wconf 82' lang='lat' dir='ltr'>praeiatae</span> <span class='ocrx_word' id='word_1_133' title='bbox 1208 2451 1375 2519; x_wconf 79' lang='lat' dir='ltr'>Alianorae</span> 
     </span>
    </p>

    <p class='ocr_par' dir='ltr' id='par_1_12' title="bbox 326 2549 1376 2639">
     <span class='ocr_line' id='line_1_18' title="bbox 326 2549 1376 2639; baseline 0.001 -24"><span class='ocrx_word' id='word_1_134' title='bbox 326 2561 342 2585; x_wconf 85' lang='lat'><strong>“</strong></span> <span class='ocrx_word' id='word_1_135' title='bbox 366 2552 510 2639; x_wconf 80' lang='lat' dir='ltr'>Reginae,</span> <span class='ocrx_word' id='word_1_136' title='bbox 532 2553 616 2617; x_wconf 80' lang='lat' dir='ltr'>aviae</span> <span class='ocrx_word' id='word_1_137' title='bbox 638 2558 668 2616; x_wconf 80' lang='lat' dir='ltr'>et</span> <span class='ocrx_word' id='word_1_138' title='bbox 690 2559 812 2628; x_wconf 65' lang='lat' dir='ltr'>eoewra,</span> <span class='ocrx_word' id='word_1_139' title='bbox 837 2550 972 2615; x_wconf 90' lang='lat' dir='ltr'>Domini</span> <span class='ocrx_word' id='word_1_140' title='bbox 1002 2549 1158 2616; x_wconf 85' lang='lat' dir='ltr'>Edwardi</span> <span class='ocrx_word' id='word_1_141' title='bbox 1181 2550 1291 2638; x_wconf 69' lang='lat' dir='ltr'>Regiis,</span> <span class='ocrx_word' id='word_1_142' title='bbox 1321 2551 1376 2616; x_wconf 80' lang='lat' dir='ltr'>avi</span> 
     </span>
    </p>

    <p class='ocr_par' dir='ltr' id='par_1_13' title="bbox 326 2653 1376 2945">
     <span class='ocr_line' id='line_1_19' title="bbox 326 2653 1376 2740; baseline -0.001 -22"><span class='ocrx_word' id='word_1_143' title='bbox 326 2663 342 2686; x_wconf 86' lang='lat'><em>“</em></span> <span class='ocrx_word' id='word_1_144' title='bbox 365 2660 395 2718; x_wconf 84' lang='lat' dir='ltr'>at</span> <span class='ocrx_word' id='word_1_145' title='bbox 426 2662 549 2731; x_wconf 74' lang='lat' dir='ltr'>caera,</span> <span class='ocrx_word' id='word_1_146' title='bbox 581 2659 615 2719; x_wconf 87' lang='lat' dir='ltr'>et</span> <span class='ocrx_word' id='word_1_147' title='bbox 650 2673 718 2733; x_wconf 86' lang='lat' dir='ltr'>suo,</span> <span class='ocrx_word' id='word_1_148' title='bbox 750 2655 790 2719; x_wconf 92' lang='lat' dir='ltr'>de</span> <span class='ocrx_word' id='word_1_149' title='bbox 824 2654 977 2718; x_wconf 89' lang='lat' dir='ltr'>omuibus</span> <span class='ocrx_word' id='word_1_150' title='bbox 1009 2653 1184 2740; x_wconf 77' lang='lat' dir='ltr'>arreragiis</span> <span class='ocrx_word' id='word_1_151' title='bbox 1222 2653 1376 2739; x_wconf 71' lang='lat' dir='ltr'>praedicti</span> 
     </span>
     <span class='ocr_line' id='line_1_20' title="bbox 326 2756 1375 2843; baseline 0.001 -23"><span class='ocrx_word' id='word_1_152' title='bbox 326 2756 513 2821; x_wconf 88' lang='lat' dir='ltr'>“redditus</span> <span class='ocrx_word' id='word_1_153' title='bbox 550 2756 731 2821; x_wconf 88' lang='lat' dir='ltr'>molendini</span> <span class='ocrx_word' id='word_1_154' title='bbox 769 2756 928 2843; x_wconf 84' lang='lat' dir='ltr'>praedieti,</span> <span class='ocrx_word' id='word_1_155' title='bbox 967 2778 988 2820; x_wconf 87' lang='lat' dir='ltr'>a</span> <span class='ocrx_word' id='word_1_156' title='bbox 1026 2761 1113 2821; x_wconf 90' lang='lat' dir='ltr'>retro</span> <span class='ocrx_word' id='word_1_157' title='bbox 1145 2757 1375 2833; x_wconf 75' lang='lat' dir='ltr'>existentibus,</span> 
     </span>
     <span class='ocr_line' id='line_1_21' title="bbox 326 2857 1376 2945; baseline 0.002 -22"><span class='ocrx_word' id='word_1_158' title='bbox 326 2858 501 2944; x_wconf 83' lang='lat' dir='ltr'>“praefato</span> <span class='ocrx_word' id='word_1_159' title='bbox 525 2857 662 2944; x_wconf 81' lang='lat' dir='ltr'>Hugoni</span> <span class='ocrx_word' id='word_1_160' title='bbox 684 2857 811 2923; x_wconf 82' lang='lat' dir='ltr'>Abbati</span> <span class='ocrx_word' id='word_1_161' title='bbox 834 2881 937 2944; x_wconf 88' lang='lat' dir='ltr'>usque</span> <span class='ocrx_word' id='word_1_162' title='bbox 961 2859 1004 2922; x_wconf 88' lang='lat' dir='ltr'>ad</span> <span class='ocrx_word' id='word_1_163' title='bbox 1035 2859 1215 2923; x_wconf 91' lang='lat' dir='ltr'>terminum</span> <span class='ocrx_word' id='word_1_164' title='bbox 1239 2859 1376 2945; x_wconf 83' lang='lat' dir='ltr'>praedic-</span> 
     </span>
    </p>

    <p class='ocr_par' dir='ltr' id='par_1_14' title="bbox 325 2960 1377 3047">
     <span class='ocr_line' id='line_1_22' title="bbox 325 2960 1377 3047; baseline 0.001 -22"><span class='ocrx_word' id='word_1_165' title='bbox 325 2967 342 2995; x_wconf 89' lang='lat'><strong><em>“</em></strong></span> <span class='ocrx_word' id='word_1_166' title='bbox 367 2966 439 3025; x_wconf 90' lang='lat' dir='ltr'>tum</span> <span class='ocrx_word' id='word_1_167' title='bbox 462 2961 606 3046; x_wconf 81' lang='lat' dir='ltr'>plenarie</span> <span class='ocrx_word' id='word_1_168' title='bbox 628 2960 807 3040; x_wconf 81' lang='lat' dir='ltr'>satisfecit3</span> <span class='ocrx_word' id='word_1_169' title='bbox 837 2966 872 3025; x_wconf 88' lang='lat' dir='ltr'>et</span> <span class='ocrx_word' id='word_1_170' title='bbox 894 2962 936 3026; x_wconf 92' lang='lat' dir='ltr'>ab</span> <span class='ocrx_word' id='word_1_171' title='bbox 959 2961 1015 3024; x_wconf 94' lang='lat' dir='ltr'>illo</span> <span class='ocrx_word' id='word_1_172' title='bbox 1038 2965 1184 3046; x_wconf 87' lang='lat' dir='ltr'>tempore</span> <span class='ocrx_word' id='word_1_173' title='bbox 1207 2962 1377 3047; x_wconf 87' lang='lat' dir='ltr'>hueusque</span> 
     </span>
    </p>

    <p class='ocr_par' dir='ltr' id='par_1_15' title="bbox 327 3063 1376 3149">
     <span class='ocr_line' id='line_1_23' title="bbox 327 3063 1376 3149; baseline 0 -21"><span class='ocrx_word' id='word_1_174' title='bbox 327 3073 342 3096; x_wconf 86' lang='lat'>“</span> <span class='ocrx_word' id='word_1_175' title='bbox 365 3064 523 3149; x_wconf 78' lang='lat' dir='ltr'>praedieta</span> <span class='ocrx_word' id='word_1_176' title='bbox 555 3063 705 3129; x_wconf 78' lang='lat' dir='ltr'>reddibus</span> <span class='ocrx_word' id='word_1_177' title='bbox 739 3063 876 3128; x_wconf 84' lang='lat' dir='ltr'>servitia</span> <span class='ocrx_word' id='word_1_178' title='bbox 907 3069 941 3128; x_wconf 92' lang='lat' dir='ltr'>et</span> <span class='ocrx_word' id='word_1_179' title='bbox 972 3063 1120 3128; x_wconf 87' lang='lat' dir='ltr'>redditus</span> <span class='ocrx_word' id='word_1_180' title='bbox 1143 3065 1277 3149; x_wconf 88' lang='lat' dir='ltr'>penitus</span> <span class='ocrx_word' id='word_1_181' title='bbox 1299 3065 1376 3129; x_wconf 91' lang='lat' dir='ltr'>sub-</span> 
     </span>
    </p>

    <p class='ocr_par' dir='ltr' id='par_1_16' title="bbox 326 3158 1376 3355">
     <span class='ocr_line' id='line_1_24' title="bbox 326 3158 1375 3252; baseline 0.003 -23"><span class='ocrx_word' id='word_1_182' title='bbox 326 3174 342 3198; x_wconf 90' lang='lat'><em>“</em></span> <span class='ocrx_word' id='word_1_183' title='bbox 365 3166 551 3231; x_wconf 82' lang='lat' dir='ltr'>trahuntur.</span> <span class='ocrx_word' id='word_1_184' title='bbox 598 3166 643 3231; x_wconf 84' lang='lat' dir='ltr'>Et</span> <span class='ocrx_word' id='word_1_185' title='bbox 668 3166 785 3231; x_wconf 86' lang='lat' dir='ltr'>dieunt</span> <span class='ocrx_word' id='word_1_186' title='bbox 807 3166 895 3252; x_wconf 92' lang='lat' dir='ltr'>quod</span> <span class='ocrx_word' id='word_1_187' title='bbox 921 3164 1116 3251; x_wconf 80' lang='lat' dir='ltr'>⁹nunquam</span> <span class='ocrx_word' id='word_1_188' title='bbox 1140 3158 1284 3251; x_wconf 84' lang='lat' dir='ltr'>aliquis</span> <span class='ocrx_word' id='word_1_189' title='bbox 1307 3167 1375 3233; x_wconf 82' lang='lat' dir='ltr'>Ab</span> 
     </span>
     <span class='ocr_line' id='line_1_25' title="bbox 327 3266 1376 3355; baseline 0.003 -24"><span class='ocrx_word' id='word_1_190' title='bbox 327 3267 484 3333; x_wconf 87' lang='lat' dir='ltr'>“batum</span> <span class='ocrx_word' id='word_1_191' title='bbox 507 3267 740 3354; x_wconf 84' lang='lat' dir='ltr'>praedietorum</span> <span class='ocrx_word' id='word_1_192' title='bbox 762 3266 932 3354; x_wconf 76' lang='lat' dir='ltr'>2unquam</span> <span class='ocrx_word' id='word_1_193' title='bbox 948 3269 1059 3353; x_wconf 87' lang='lat' dir='ltr'>aliquo</span> <span class='ocrx_word' id='word_1_194' title='bbox 1080 3275 1227 3354; x_wconf 90' lang='lat' dir='ltr'>tempore</span> <span class='ocrx_word' id='word_1_195' title='bbox 1250 3269 1376 3355; x_wconf 85' lang='lat' dir='ltr'>aliquid</span> 
     </span>
    </p>

    <p class='ocr_par' dir='ltr' id='par_1_17' title="bbox 327 3371 1377 3457">
     <span class='ocr_line' id='line_1_26' title="bbox 327 3371 1377 3457; baseline 0.003 -23"><span class='ocrx_word' id='word_1_196' title='bbox 327 3378 341 3402; x_wconf 87' lang='lat'>“</span> <span class='ocrx_word' id='word_1_197' title='bbox 366 3372 403 3434; x_wconf 92' lang='lat' dir='ltr'>in</span> <span class='ocrx_word' id='word_1_198' title='bbox 424 3373 756 3457; x_wconf 73' lang='lat' dir='ltr'>recompensationem</span> <span class='ocrx_word' id='word_1_199' title='bbox 773 3371 1005 3457; x_wconf 73' lang='lat' dir='ltr'>praedictorum</span> <span class='ocrx_word' id='word_1_200' title='bbox 1028 3372 1157 3435; x_wconf 86' lang='lat' dir='ltr'>servitii</span> <span class='ocrx_word' id='word_1_201' title='bbox 1179 3378 1214 3436; x_wconf 88' lang='lat' dir='ltr'>et</span> <span class='ocrx_word' id='word_1_202' title='bbox 1228 3372 1377 3437; x_wconf 87' lang='lat' dir='ltr'>redditus</span> 
     </span>
    </p>

    <p class='ocr_par' dir='ltr' id='par_1_18' title="bbox 327 3471 1375 3562">
     <span class='ocr_line' id='line_1_27' title="bbox 327 3471 1375 3562; baseline 0.004 -26"><span class='ocrx_word' id='word_1_203' title='bbox 327 3480 343 3504; x_wconf 90' lang='lat'><em>“</em></span> <span class='ocrx_word' id='word_1_204' title='bbox 366 3495 387 3536; x_wconf 88' lang='lat' dir='ltr'>a</span> <span class='ocrx_word' id='word_1_205' title='bbox 408 3471 552 3537; x_wconf 91' lang='lat' dir='ltr'>Domino</span> <span class='ocrx_word' id='word_1_206' title='bbox 575 3473 671 3560; x_wconf 84' lang='lat' dir='ltr'>Rege,</span> <span class='ocrx_word' id='word_1_207' title='bbox 695 3494 752 3537; x_wconf 89' lang='lat' dir='ltr'>seu</span> <span class='ocrx_word' id='word_1_208' title='bbox 775 3473 817 3537; x_wconf 89' lang='lat' dir='ltr'>ab</span> <span class='ocrx_word' id='word_1_209' title='bbox 839 3473 950 3558; x_wconf 82' lang='lat' dir='ltr'>aliquo</span> <span class='ocrx_word' id='word_1_210' title='bbox 972 3473 1046 3550; x_wconf 85' lang='lat' dir='ltr'>alio,</span> <span class='ocrx_word' id='word_1_211' title='bbox 1062 3474 1222 3538; x_wconf 86' lang='lat' dir='ltr'>haetenus</span> <span class='ocrx_word' id='word_1_212' title='bbox 1245 3477 1375 3562; x_wconf 86' lang='lat' dir='ltr'>reoepit</span> 
     </span>
    </p>

    <p class='ocr_par' dir='ltr' id='par_1_19' title="bbox 327 3573 1376 3661">
     <span class='ocr_line' id='line_1_28' title="bbox 327 3573 1376 3661; baseline 0.006 -24"><span class='ocrx_word' id='word_1_213' title='bbox 327 3582 343 3606; x_wconf 90' lang='lat'><em>“</em></span> <span class='ocrx_word' id='word_1_214' title='bbox 367 3573 412 3638; x_wconf 87' lang='lat' dir='ltr'>Et</span> <span class='ocrx_word' id='word_1_215' title='bbox 435 3575 586 3640; x_wconf 88' lang='lat' dir='ltr'>similiter</span> <span class='ocrx_word' id='word_1_216' title='bbox 610 3575 734 3655; x_wconf 86' lang='lat' dir='ltr'>dieunt,</span> <span class='ocrx_word' id='word_1_217' title='bbox 750 3577 839 3661; x_wconf 92' lang='lat' dir='ltr'>quod</span> <span class='ocrx_word' id='word_1_218' title='bbox 861 3576 972 3640; x_wconf 88' lang='lat' dir='ltr'>nullus</span> <span class='ocrx_word' id='word_1_219' title='bbox 995 3576 1173 3641; x_wconf 90' lang='lat' dir='ltr'>eorundem</span> <span class='ocrx_word' id='word_1_220' title='bbox 1204 3577 1376 3643; x_wconf 84' lang='lat' dir='ltr'>Abbatum</span> 
     </span>
    </p>
   </div>
   <div class='ocr_carea' id='block_1_3' title="bbox 325 3676 1377 4280">
    <p class='ocr_par' dir='ltr' id='par_1_20' title="bbox 325 3676 1377 4280">
     <span class='ocr_line' id='line_1_29' title="bbox 327 3676 1377 3765; baseline 0.005 -25"><span class='ocrx_word' id='word_1_221' title='bbox 327 3684 343 3708; x_wconf 91' lang='lat'><strong>“</strong></span> <span class='ocrx_word' id='word_1_222' title='bbox 366 3676 463 3740; x_wconf 84' lang='lat' dir='ltr'>alicui</span> <span class='ocrx_word' id='word_1_223' title='bbox 487 3677 716 3763; x_wconf 85' lang='lat' dir='ltr'>praedietorum</span> <span class='ocrx_word' id='word_1_224' title='bbox 738 3677 904 3756; x_wconf 84' lang='lat' dir='ltr'>willelmi,</span> <span class='ocrx_word' id='word_1_225' title='bbox 929 3678 1104 3764; x_wconf 81' lang='lat' dir='ltr'>Radulphi,</span> <span class='ocrx_word' id='word_1_226' title='bbox 1120 3679 1289 3765; x_wconf 74' lang='lat' dir='ltr'>Stephani,</span> <span class='ocrx_word' id='word_1_227' title='bbox 1314 3681 1377 3745; x_wconf 75' lang='lat' dir='ltr'>Re-</span> 
     </span>
     <span class='ocr_line' id='line_1_30' title="bbox 327 3778 1375 3870; baseline 0.002 -26"><span class='ocrx_word' id='word_1_228' title='bbox 327 3786 343 3810; x_wconf 88' lang='lat'><em>“</em></span> <span class='ocrx_word' id='word_1_229' title='bbox 365 3778 454 3864; x_wconf 85' lang='lat' dir='ltr'>ginae</span> <span class='ocrx_word' id='word_1_230' title='bbox 476 3779 649 3865; x_wconf 81' lang='lat' dir='ltr'>praedietae,</span> <span class='ocrx_word' id='word_1_231' title='bbox 673 3781 760 3845; x_wconf 83' lang='lat' dir='ltr'>aviae</span> <span class='ocrx_word' id='word_1_232' title='bbox 792 3789 821 3845; x_wconf 86' lang='lat' dir='ltr'>et</span> <span class='ocrx_word' id='word_1_233' title='bbox 843 3787 970 3860; x_wconf 79' lang='lat' dir='ltr'>eoetera,</span> <span class='ocrx_word' id='word_1_234' title='bbox 995 3779 1082 3845; x_wconf 85' lang='lat' dir='ltr'>³avo</span> <span class='ocrx_word' id='word_1_235' title='bbox 1107 3780 1243 3846; x_wconf 87' lang='lat' dir='ltr'>Domini</span> <span class='ocrx_word' id='word_1_236' title='bbox 1274 3784 1375 3870; x_wconf 83' lang='lat' dir='ltr'>Regis</span> 
     </span>
     <span class='ocr_line' id='line_1_31' title="bbox 327 3884 1375 3969; baseline 0.003 -21"><span class='ocrx_word' id='word_1_237' title='bbox 327 3892 343 3916; x_wconf 91' lang='lat'><strong>“</strong></span> <span class='ocrx_word' id='word_1_238' title='bbox 365 3905 453 3948; x_wconf 87' lang='lat' dir='ltr'>nune</span> <span class='ocrx_word' id='word_1_239' title='bbox 475 3889 505 3948; x_wconf 82' lang='lat' dir='ltr'>et</span> <span class='ocrx_word' id='word_1_240' title='bbox 528 3889 653 3963; x_wconf 76' lang='lat' dir='ltr'>ooetera,</span> <span class='ocrx_word' id='word_1_241' title='bbox 669 3884 758 3969; x_wconf 88' lang='lat' dir='ltr'>patri</span> <span class='ocrx_word' id='word_1_242' title='bbox 774 3905 833 3949; x_wconf 91' lang='lat' dir='ltr'>suo</span> <span class='ocrx_word' id='word_1_243' title='bbox 848 3892 877 3950; x_wconf 79' lang='lat' dir='ltr'>et</span> <span class='ocrx_word' id='word_1_244' title='bbox 893 3891 1016 3961; x_wconf 71' lang='lat' dir='ltr'>cetera</span> <span class='ocrx_word' id='word_1_245' title='bbox 1033 3905 1090 3948; x_wconf 86' lang='lat' dir='ltr'>seu</span> <span class='ocrx_word' id='word_1_246' title='bbox 1113 3885 1211 3950; x_wconf 84' lang='lat' dir='ltr'>alicui</span> <span class='ocrx_word' id='word_1_247' title='bbox 1233 3886 1300 3966; x_wconf 86' lang='lat' dir='ltr'>alii,</span> <span class='ocrx_word' id='word_1_248' title='bbox 1316 3886 1375 3951; x_wconf 80' lang='lat' dir='ltr'>ali-</span> 
     </span>
     <span class='ocr_line' id='line_1_32' title="bbox 327 3986 1375 4073; baseline 0.004 -23"><span class='ocrx_word' id='word_1_249' title='bbox 327 3995 343 4020; x_wconf 89' lang='lat'><strong>“</strong></span> <span class='ocrx_word' id='word_1_250' title='bbox 365 4007 431 4072; x_wconf 90' lang='lat' dir='ltr'>quo</span> <span class='ocrx_word' id='word_1_251' title='bbox 446 3990 592 4073; x_wconf 87' lang='lat' dir='ltr'>tempore</span> <span class='ocrx_word' id='word_1_252' title='bbox 607 3987 736 4052; x_wconf 88' lang='lat' dir='ltr'>servitii</span> <span class='ocrx_word' id='word_1_253' title='bbox 759 3986 927 4052; x_wconf 90' lang='lat' dir='ltr'>redditum</span> <span class='ocrx_word' id='word_1_254' title='bbox 947 3987 1140 4073; x_wconf 87' lang='lat' dir='ltr'>praedietum</span> <span class='ocrx_word' id='word_1_255' title='bbox 1163 3989 1301 4066; x_wconf 90' lang='lat' dir='ltr'>remisit,</span> <span class='ocrx_word' id='word_1_256' title='bbox 1316 4009 1375 4054; x_wconf 86' lang='lat' dir='ltr'>neo</span> 
     </span>
     <span class='ocr_line' id='line_1_33' title="bbox 326 4089 1374 4176; baseline 0.004 -25"><span class='ocrx_word' id='word_1_257' title='bbox 326 4098 342 4123; x_wconf 88' lang='lat'><em>“</em></span> <span class='ocrx_word' id='word_1_258' title='bbox 365 4090 514 4176; x_wconf 89' lang='lat' dir='ltr'>quietum</span> <span class='ocrx_word' id='word_1_259' title='bbox 537 4089 702 4154; x_wconf 84' lang='lat' dir='ltr'>clamavit.</span> <span class='ocrx_word' id='word_1_260' title='bbox 765 4089 890 4156; x_wconf 82' lang='lat' dir='ltr'>Dicunt</span> <span class='ocrx_word' id='word_1_261' title='bbox 913 4090 1014 4154; x_wconf 87' lang='lat' dir='ltr'>etiam</span> <span class='ocrx_word' id='word_1_262' title='bbox 1037 4090 1124 4174; x_wconf 92' lang='lat' dir='ltr'>quod</span> <span class='ocrx_word' id='word_1_263' title='bbox 1147 4090 1374 4157; x_wconf 90' lang='lat' dir='ltr'>molendinum</span> 
     </span>
     <span class='ocr_line' id='line_1_34' title="bbox 325 4192 1375 4280; baseline 0.001 -22"><span class='ocrx_word' id='word_1_264' title='bbox 325 4201 341 4224; x_wconf 90' lang='lat'>“</span> <span class='ocrx_word' id='word_1_265' title='bbox 363 4192 564 4279; x_wconf 69' lang='lat' dir='ltr'>praedictum,</span> <span class='ocrx_word' id='word_1_266' title='bbox 583 4193 685 4278; x_wconf 83' lang='lat' dir='ltr'>juxta</span> <span class='ocrx_word' id='word_1_267' title='bbox 707 4214 821 4257; x_wconf 88' lang='lat' dir='ltr'>verum</span> <span class='ocrx_word' id='word_1_268' title='bbox 843 4192 987 4257; x_wconf 84' lang='lat' dir='ltr'>valorem</span> <span class='ocrx_word' id='word_1_269' title='bbox 1020 4192 1173 4277; x_wconf 87' lang='lat' dir='ltr'>ejusdem,</span> <span class='ocrx_word' id='word_1_270' title='bbox 1204 4194 1295 4258; x_wconf 86' lang='lat' dir='ltr'>valet</span> <span class='ocrx_word' id='word_1_271' title='bbox 1316 4216 1375 4280; x_wconf 87' lang='lat' dir='ltr'>per</span> 
     </span>
    </p>
   </div>
   <div class='ocr_carea' id='block_1_4' title="bbox 324 4481 1254 4707">
    <p class='ocr_par' dir='ltr' id='par_1_21' title="bbox 324 4481 1254 4707">
     <span class='ocr_line' id='line_1_35' title="bbox 359 4481 940 4548; baseline 0 -18"><span class='ocrx_word' id='word_1_272' title='bbox 359 4482 365 4512; x_wconf 86' lang='lat'>¹</span> <span class='ocrx_word' id='word_1_273' title='bbox 377 4490 401 4530; x_wconf 83' lang='lat' dir='ltr'>et</span> <span class='ocrx_word' id='word_1_274' title='bbox 411 4482 456 4531; x_wconf 80' lang='lat' dir='ltr'>ulii</span> <span class='ocrx_word' id='word_1_275' title='bbox 466 4481 551 4530; x_wconf 64' lang='lat' dir='ltr'>balivi</span> <span class='ocrx_word' id='word_1_276' title='bbox 560 4483 581 4532; x_wconf 85' lang='lat' dir='ltr'>is</span> <span class='ocrx_word' id='word_1_277' title='bbox 592 4484 713 4548; x_wconf 82' lang='lat' dir='ltr'>probably</span> <span class='ocrx_word' id='word_1_278' title='bbox 723 4482 825 4533; x_wconf 83' lang='lat' dir='ltr'>omitted</span> <span class='ocrx_word' id='word_1_279' title='bbox 861 4498 940 4546; x_wconf 81' lang='lat' dir='ltr'>quam.</span> 
     </span>
     <span class='ocr_line' id='line_1_36' title="bbox 324 4558 1254 4626; baseline 0.003 -16"><span class='ocrx_word' id='word_1_280' title='bbox 324 4559 406 4610; x_wconf 79' lang='lat' dir='ltr'>before</span> <span class='ocrx_word' id='word_1_281' title='bbox 418 4560 555 4610; x_wconf 76' lang='lat' dir='ltr'>thisword</span> <span class='ocrx_word' id='word_1_282' title='bbox 893 4558 1254 4626; x_wconf 76' lang='lat' dir='ltr'>³aviiuMS.‚er1-oneously.</span> 
     </span>
     <span class='ocr_line' id='line_1_37' title="bbox 357 4638 826 4707; baseline 0.002 -19"><span class='ocrx_word' id='word_1_283' title='bbox 357 4638 761 4707; x_wconf 49' lang='grc' dir='ltr'>2ΒίοἰιιῙὲίὸηιιιιιιφιαιιι.....</span> <span class='ocrx_word' id='word_1_284' title='bbox 781 4657 826 4690; x_wconf 73' lang='grc' dir='ltr'>κπ-</span> 
     </span>
    </p>
   </div>
   <div class='ocr_carea' id='block_1_5' title="bbox 0 0 1524 5452">
    <p class='ocr_par' dir='ltr' id='par_1_22' title="bbox 0 0 1524 5452">
     <span class='ocr_line' id='line_1_38' title="bbox 0 0 1524 5452; baseline 0 0"><span class='ocrx_word' id='word_1_285' title='bbox 0 0 1524 5452; x_wconf 95' lang='lat' dir='ltr'> </span> 
     </span>
    </p>
   </div>
  </div>
 </body>
</html>
