3038 5452
323 668 387 733 336
700 680 808 732 cmm
830 679 994 732 sanarunt

170 953 290 1014 michael,
379 944 427 1007 De
445 942 573 1030 placito
595 965 696 1029 saper
717 964 843 1009 annuo
861 942 1025 1029 pransione
1042 964 1106 1029 pec
1127 947 1311 1009 caecatam

183 1025 278 1150 ἐξὲξ,
553 1045 929 1113 sensatarum
950 1045 1136 1113 amasa

173 1154 294 1274 miliia
368 1192 490 1257 Rotulc
513 1193 739 1259 trecentesimo
761 1192 1000 1279 septuagesimo
1021 1192 1218 1278 septimo.—

198 1313 267 1327 -
369 1301 387 1329 “
409 1294 535 1360 Placits
556 1295 644 1381 apud
667 1293 1005 1371 westmonasterium,
1035 1314 1143 1359 coram
1162 1293 1196 1360 J.
1227 1293 1269 1358 de
1292 1292 1363 1359 Sto

154 1383 294 1500 &llos
323 1402 343 1432 “
364 1418 452 1478 nore,
466 1402 501 1462 et
510 1398 604 1462 sociis
616 1397 691 1475 suis,
707 1397 730 1462 J
732 1396 908 1463 usticiariis
924 1395 1060 1462 Domini
1075 1396 1175 1483 Regis
1189 1395 1233 1461 de
1247 1395 1364 1473 Bunco,

157 1516 274 1567 clamos
323 1508 340 1533 “
363 1499 502 1565 termino
526 1498 640 1564 Sancti
660 1499 803 1577 Hillsrii,
823 1521 911 1564 anno
926 1499 1061 1565 Domini
1083 1497 1184 1585 Regis
1200 1520 1292 1564 nune
1313 1499 1367 1563 de·

154 1584 291 1702 griffi}
323 1610 341 1636 “
363 1602 447 1667 cimo
468 1623 611 1667 nono.-

156 1717 268 1780 penaon‚
368 1713 384 1738 “
407 1703 520 1768 Abbas
546 1704 586 1769 de
611 1703 733 1769 Sancto
758 1703 890 1769 Albano
912 1702 1134 1769 summonitus
1156 1703 1222 1769 fuit
1251 1704 1296 1770 ad
1318 1725 1365 1769 re·

154 1783 289 1901 {flffig
323 1815 340 1841 ‘¹
361 1807 590 1892 spondendum
628 1806 794 1871 Willelmo
829 1807 871 1872 de
902 1807 1034 1891 Feriby,
1067 1807 1235 1872 executori
1268 1812 1367 1872 testa-

155 1915 282 1982 Henryde
323 1910 466 1974 “menti
489 1909 626 1974 Henrici
648 1909 689 1973 de
712 1909 865 1989 Meltone,
888 1909 929 1974 (le
951 1909 1073 1996 placito
1094 1909 1184 1995 quod
1205 1909 1326 1975 reddat
1338 1908 1368 1974 ei

153 1983 270 2103 ,iffi
323 2021 339 2046 «
362 2019 494 2077 eentum
523 2011 646 2099 viginti
678 2016 712 2076 a
743 2016 869 2097 sepem
899 2011 1008 2089 utras,
1033 2015 1067 2075 a
1099 2011 1209 2076 ssoem
1240 2011 1369 2087 ansa,

153 2115 240 2168 Abbot
250 2118 280 2167 of
322 2122 339 2148 “
361 2137 443 2200 quas
466 2115 496 2179 ei
519 2114 644 2199 injuste
660 2114 789 2179 detinet
811 2119 842 2179 et
856 2120 973 2179 catera
984 2138 997 2194 ,·
1020 2118 1054 2179 et
1075 2113 1164 2177 unde
1186 2113 1274 2178 idem
1290 2112 1370 2177 Wil-

156 2183 309 2236 Sl‘fflb“⁰’⁸'
322 2223 341 2252 “
361 2216 487 2294 lelmus,
509 2238 567 2303 per
588 2217 611 2282 J
614 2216 776 2282 ohannem
803 2216 844 2281 de
867 2216 1010 2302 Feryby,
1033 2220 1241 2280 attornatum
1263 2236 1368 2293 suum,

320 2320 442 2385 “dicit
472 2320 560 2405 quod
590 2341 664 2385 eum
692 2319 828 2404 quidam
859 2318 967 2405 Hugo,
1000 2318 1212 2405 permissione
1242 2317 1368 2398 divina,

321 2430 338 2456 “
361 2421 474 2486 Abbas
498 2421 692 2487 Monasterii
715 2422 756 2487 de
780 2422 902 2487 Sancto
917 2421 1057 2501 Albano,
1080 2425 1116 2485 et
1138 2420 1285 2506 ejusdem
1307 2419 1367 2485 loci

322 2530 340 2559 “
363 2522 562 2601 Conventus,
585 2546 644 2610 per
677 2524 835 2610 scriptum
870 2546 966 2589 suum
999 2523 1054 2588 die
1085 2524 1188 2589 Lunae
1209 2524 1246 2588 in
1270 2523 1368 2588 Festo

321 2626 559 2713 “Epiphaniae
581 2626 725 2705 Domini,
749 2648 836 2692 anno
860 2625 1104 2692 Inearnationis
1128 2626 1264 2690 Domini
1295 2625 1368 2690 mil·

320 2736 338 2762 “
360 2728 473 2793 lesimo
495 2730 723 2794 trecentesimo
746 2729 1013 2814 quartodecimo,
1029 2727 1123 2815 regni
1137 2751 1217 2794 vero
1232 2728 1367 2794 Domini

321 2839 339 2867 “
363 2831 521 2897 Edwardi
552 2831 660 2918 Regis,
690 2833 795 2918 patris
826 2832 963 2897 Domini
994 2832 1094 2919 Regis
1118 2853 1215 2926 nuno,
1240 2837 1366 2910 octavo,

319 2943 418 3022 “per
451 2934 608 3021 scriptum
640 2956 737 2998 suum
758 2936 996 3022 [concesserunt
1018 2956 1052 2999 se
1074 2935 1181 2999 teneri
1210 2934 1366 3021 praedicto

318 3045 336 3073 “
361 3037 504 3103 Henrico
528 3037 569 3101 de
592 3036 747 3114 Meltone,
763 3060 821 3123 pro
844 3037 1004 3101 laudabili
1027 3037 1161 3102 consilio
1184 3041 1219 3102 et
1241 3039 1365 3102 auxilio

319 3140 496 3205 “Domini
521 3138 679 3204 Willelmi
709 3139 749 3204 de
784 3139 920 3219 Melton,
942 3140 1089 3226 germani
1125 3140 1184 3219 sui,
1207 3139 1363 3206 hactenus

321 3252 338 3278 “
360 3243 517 3328 impenso,
539 3242 575 3305 in
598 3241 710 3306 decem
733 3241 826 3306 libris
857 3241 1087 3327 sterlingorum
1118 3243 1304 3320 annuatim,
1326 3243 1364 3308 de

321 3350 339 3379 “
362 3344 477 3409 eodem
500 3343 700 3409 Monasterio
723 3343 811 3430 apud
841 3342 1001 3408 Sanctum
1031 3344 1200 3408 Albanum
1230 3345 1364 3432 percipi-

320 3453 336 3480 “
360 3445 462 3524 endis,
486 3451 559 3510 tota
581 3446 654 3510 vita
675 3446 780 3532 ipsius
811 3444 957 3523 Henrici,
982 3445 1024 3510 ad
1048 3446 1147 3511 Festa
1169 3446 1304 3513 Paschae
1332 3452 1363 3512 et

320 3555 337 3582 “
361 3547 473 3611 Sancti
507 3546 684 3625 Michaelis,
709 3570 768 3634 per
796 3548 937 3635 aequales
971 3549 1156 3635 portiones:
1208 3550 1253 3614 ad
1284 3571 1362 3636 quas

321 3650 494 3735 “quidem
528 3650 638 3716 decem
672 3650 772 3715 libras
803 3652 976 3716 annuatim
1008 3651 1150 3716 fideliter
1183 3653 1362 3732 solvendas,
1423 3702 1427 3714 .

321 3759 339 3789 “
362 3752 450 3817 idem
472 3752 584 3818 Abbas
607 3758 642 3818 et
660 3753 851 3819 Conventus
874 3754 1108 3841 obligaverunt
1130 3776 1164 3819 se
1186 3760 1222 3821 et
1244 3777 1362 3822 succes

320 3863 337 3891 “
359 3877 446 3920 sores
469 3876 551 3935 suos,
574 3860 608 3920 et
631 3855 870 3921 Monasterium
893 3878 997 3935 suum,
1014 3863 1049 3922 et
1071 3857 1182 3922 omnia
1203 3857 1293 3923 bona
1307 3880 1364 3924 sua

320 3968 336 3993 “
359 3966 389 4025 et
411 3956 648 4038 catera—Qui
683 3959 816 4044 quidem
847 3959 1011 4025 Henricus
1045 3959 1130 4024 obiit
1162 3960 1283 4026 ultimo
1313 3961 1362 4026 die
1396 3994 1404 4003 -

319 4072 337 4100 “
361 4060 558 4140 Decembris,
576 4082 663 4127 anno
686 4062 785 4148 Regis
800 4084 888 4126 nunc
903 4062 1008 4149 primo
1018 4087 1027 4142 3
1050 4063 1100 4127 ita
1122 4063 1209 4147 quod
1226 4064 1268 4129 de
1283 4085 1362 4151 prae·

321 4173 338 4203 “
364 4167 453 4232 dicto
476 4185 586 4229 annuo
608 4165 751 4244 redditu,
773 4165 808 4228 in
821 4164 903 4229 mita
925 4166 1027 4252 ipsius
1058 4164 1204 4246 Henrici‚
1228 4189 1249 4230 a
1278 4173 1363 4232 retro

320 4277 338 4305 ‘¹
359 4270 494 4334 fuerunt
515 4267 621 4332 eidem
645 4267 789 4332 Henrico
812 4272 944 4333 centum
967 4274 1000 4332 et
1022 4267 1145 4354 viginti
1176 4275 1210 4332 et
1241 4273 1362 4356 septem

320 4379 338 4408 “
361 4372 462 4448 librae,
486 4377 519 4436 et
551 4369 661 4436 decem
684 4370 788 4449 solidi,
812 4377 841 4435 et
864 4370 1215 4436 coetera-Praedictus
1244 4371 1363 4450 Abbas,

319 4482 336 4508 “
358 4473 435 4539 licet
459 4473 578 4559 saepius
608 4474 785 4559 requisitus
815 4478 890 4558 post
921 4479 1060 4537 mortem
1091 4473 1195 4558 ipsius
1219 4472 1364 4554 Henrioi,

321 4583 339 4611 “
362 4575 536 4661 praedictos
558 4576 710 4641 denarios
732 4574 897 4639 Willelmo
928 4575 969 4639 de
1000 4575 1143 4661 Feryby,
1166 4581 1200 4640 et
1230 4577 1362 4662 Agneti,
