3038 5452
421 722 631 773 rounsrrnn
654 722 776 772 suren
798 720 935 770 auem.
1132 708 1198 769 441*

153 910 173 935 '⁶
193 909 275 964 feriis
294 925 347 981 per
364 912 459 964 totum
477 926 593 972 annum,
613 925 646 962 ae
665 907 752 961 etiam
766 907 796 961 in
815 906 942 978 quinque
959 905 1081 978 Vigiliis
1099 906 1198 961 Beatae
1228 898 1346 959 Th⁰m882

154 994 174 1019 “
193 992 305 1057 Mariae,
334 991 481 1064 jejunium
520 991 697 1046 observetur.
761 989 837 1046 Cum
866 995 965 1045 autem
981 989 1198 1046 'Festivitatem
1237 965 1316 1082 ffb

154 1078 173 1103 “
192 1076 337 1147 Vigiliam
366 1075 522 1131 habentem
551 1074 626 1129 feria
658 1074 786 1130 secunda
821 1073 937 1129 evenire
970 1073 1136 1144 eontigerit,
1168 1073 1199 1128 iu
1253 1098 1322 1148 Μ),

154 1162 174 1186 “
193 1161 369 1230 praeeedenti
389 1160 524 1225 Sabbeto,
540 1158 626 1231 juxta
638 1158 801 1214 Deoretalie
819 1164 1007 1230 praeeeptum,
1021 1158 1109 1214 debet
1126 1158 1201 1214 eele·
1231 1170 1357 1216 laea-ea

154 1247 174 1270 ‘⁶
194 1243 274 1298 brari
288 1244 444 1315 jejunium,
468 1250 498 1299 et
515 1249 594 1308 tune,
614 1259 667 1298 neo
685 1243 717 1297 in
734 1242 795 1297 illis
815 1242 961 1308 Sabbatis,
980 1260 1034 1298 nee
1051 1243 1082 1296 in
1101 1242 1201 1313 aliquo
1257 1259 1325 1271 -

154 1332 174 1354 “
195 1328 253 1382 alio
270 1328 317 1382 die
337 1328 454 1399 jejunii,
481 1327 644 1383 conventui
665 1327 702 1381 de
720 1345 803 1382 eoena
829 1327 992 1393 serviatur3
1018 1326 1070 1383 sed
1087 1332 1201 1382 tentum

154 1414 173 1436 “
193 1411 258 1465 loeo
287 1429 377 1466 eoenae
415 1412 583 1483 regularem
609 1411 736 1467 habeant
764 1416 876 1483 potum,
902 1411 980 1467 sieut
1009 1411 1042 1466 in
1070 1416 1201 1483 tempore

155 1497 174 1524 ‘¹
194 1494 447 1566 'Quadragesimae
466 1496 531 1550 fieri
558 1495 720 1551 oonsuevit.
770 1488 1007 1567 Quandoeunque
1035 1513 1106 1551 vero
1123 1495 1203 1550 diem

155 1581 174 1605 ‘⁶
193 1578 366 1634 Nativitatis
385 1579 504 1634 Domini
522 1579 597 1633 feris
621 1584 703 1634 sexta
720 1579 837 1635 evenire
856 1580 1020 1649 eontigerit,
1039 1597 1088 1634 sos
1107 1579 1145 1634 ed
1159 1579 1203 1651 je-

155 1664 175 1689 “
191 1662 355 1733 junsndum
373 1663 404 1717 in
422 1663 470 1718 die
489 1663 657 1734 hujusmodi
676 1663 771 1718 teneri
795 1664 941 1726 nolumus,
961 1664 1020 1717 nisi
1039 1663 1105 1732 quis
1123 1668 1201 1726 voto,
1224 1661 1227 1665 ’

154 1748 174 1773 “
193 1746 242 1801 vel
259 1745 436 1817 hujusmodi,
451 1747 505 1801 ²ad
513 1747 660 1816 jejunium
672 1747 763 1801 suerit
774 1747 919 1801 astrictus.
945 1745 1096 1817 Jejunium
1114 1746 1203 1801 etism

154 1833 174 1857 ‘⁴
195 1830 336 1901 hyemale,
346 1830 508 1886 seeundum
518 1837 648 1885 tenorem
668 1830 799 1900 Regulae,
809 1830 846 1884 ab
859 1829 992 1884 omuibus
1011 1830 1201 1896 observetur3

154 1914 277 1970 “salva
300 1914 515 1986 dispensatione
545 1915 625 1969 eirea
653 1914 784 1968 infirmos
812 1920 841 1969 et
867 1913 1033 1983 indigentes
1060 1914 1200 1970 ferienda.

153 2000 174 2025 ‘⁶
193 1998 387 2069 Praecipimus
407 1998 505 2063 etiam,
525 2004 556 2054 et
574 1997 698 2052 firmiter
714 1996 905 2067 injungimus,
923 1998 1002 2068 quod
1020 1998 1100 2052 omni
1129 1998 1204 2053 feria

154 2085 175 2109 “
195 2087 301 2153 quarta
317 2099 370 2153 per
388 2088 483 2138 totum
501 2081 570 2138 anni
596 2081 740 2137 eiroulum
766 2098 783 2136 a
808 2081 944 2136 carnibus
971 2088 1002 2136 et
1025 2081 1204 2152 pinguedine

154 2170 175 2193 ‘⁴
195 2183 294 2223 omnes
322 2165 502 2230 abstineant,
521 2183 575 2220 nso
600 2165 707 2237 aliquis
733 2165 810 2220 iufra
826 2163 929 2235 ³sspta
946 2164 1128 2228 Monasterii,
1154 2164 1203 2219 vel
1225 2208 1228 2214 ,

154 2252 175 2277 “
194 2250 357 2313 Priorstus,
365 2249 424 2304 nisi
433 2249 544 2305 inloois
553 2267 606 2320 per
615 2249 770 2321 proeletum
782 2249 820 2304 ad
828 2249 884 2304 hoo
896 2248 1052 2320 deputatis,
1066 2249 1203 2304 earnibus

154 2336 175 2361 “
194 2333 274 2389 vesei
291 2340 459 2404 praesumat.
496 2332 606 2389 Nullus
625 2350 659 2388 eo
673 2332 720 2387 die
742 2350 800 2404 quo
818 2333 850 2387 in
867 2332 1033 2388 Reieotorio
1051 2333 1204 2388 comedere

154 2420 176 2445 ‘⁴
194 2422 337 2483 teneatur,
366 2417 503 2473 osrnibus
528 2422 674 2481 vescatur,
700 2417 758 2472 nisi
788 2417 820 2471 in
849 2418 1005 2489 praesentia
1036 2416 1203 2488 Superioris

154 2505 174 2529 “
193 2500 388 2572 praesidentis,
409 2500 461 2570 qui
477 2518 598 2572 presens
622 2500 713 2555 fuerit
729 2500 761 2554 in
785 2499 970 2564 Monasterio,
989 2501 1037 2554 vel
1055 2499 1202 2565 Prioretu,

153 2588 175 2613 ‘⁶
194 2589 246 2640 aut
275 2584 313 2639 de
341 2585 405 2654 ejus
437 2585 638 2656 permissione.
697 2584 948 2656 Provideeturque
982 2585 1140 2656 diligenter
1170 2590 1205 2639 ut

154 2671 175 2697 ‘⁶
196 2668 275 2725 omni
293 2668 351 2732 die,
368 2668 539 2745 ubieunque
557 2669 664 2724 fratres
682 2668 872 2734 comederint,
892 2669 930 2725 ed
945 2669 1043 2724 minus
1061 2669 1203 2724 medietas

154 2758 175 2781 ‘⁴
196 2753 362 2809 Conventus
380 2758 530 2808 remaneat
541 2753 573 2808 in
591 2752 767 2808 Refectorio.
804 2752 833 2808 A
849 2753 1093 2816 Dominioavero¹
1104 2752 1205 2807 Prima

154 2840 176 2864 “
195 2835 358 2900 Adventus,
378 2853 472 2906 usque
490 2835 550 2889 ⁴ad
576 2834 770 2890 Nativitatem
797 2835 925 2902 Domini,
953 2842 983 2891 et
1009 2854 1027 2890 a
1051 2836 1205 2891 Dominioa

154 2925 175 2948 ‘⁶
196 2920 427 2991 Septuagesimae
440 2919 578 2990 usquein
595 2919 674 2974 diem
692 2919 823 2984 Pasohae,
846 2939 864 2975 e
881 2920 1018 2975 carnibus
1036 2926 1066 2976 et
1083 2922 1206 2991 pingue·

154 3009 174 3032 ‘⁴
195 3004 264 3059 dine
282 3020 382 3059 omnes
400 3004 511 3074 pariter
529 3004 709 3069 abstineant,
728 3022 782 3059 nee
793 3005 902 3075 aliquis
920 3004 951 3058 in
969 3005 1035 3075 ipsa
1052 3004 1206 3058 Dominiea

155 3093 175 3116 ‘⁶
196 3088 297 3143 Prima
314 3086 476 3153 Adventus,
496 3088 544 3142 vel
564 3087 805 3160 Septuagesimae,
834 3088 971 3144 carnibus
991 3088 1072 3142 vesci
1096 3105 1205 3158 praesu-

155 3176 175 3200 “
195 3178 274 3237 mat;
293 3171 345 3226 sed
363 3189 463 3226 omnes
481 3171 513 3225 in
530 3170 591 3225 illis
609 3171 722 3236 diebus,
742 3176 802 3226 tem
815 3171 892 3226 infra
903 3176 1006 3243 ³septa
1022 3170 1204 3234 Monesterii,

154 3263 174 3287 ⁴⁴
195 3258 244 3313 vel
261 3257 422 3322 Prioratus,
442 3275 530 3328 quam
557 3261 648 3321 extra,
668 3256 743 3313 oihis
767 3256 989 3314 refertoralibus
1015 3261 1128 3313 tautum
1146 3255 1207 3312 sint

157 3347 177 3371 “
198 3343 336 3398 oontenti.
420 3338 431 3355 ²

198 3609 245 3675 De
268 3604 789 3693 obedientiariis—Capitulum
812 3606 976 3673 Oetaeam
997 3606 1175 3674 merere.

194 3783 214 3808 “
233 3779 375 3849 Quoniam
393 3779 539 3834 odorifere
555 3777 761 3848 religiosorum
780 3777 867 3842 foma,
887 3794 921 3833 ae
938 3777 1128 3834 ecelesiarum
1147 3777 1204 3833 uti·
1218 3770 1375 3824 Onthecon·

158 3868 178 3892 ‘⁴
197 3864 297 3920 litotes
322 3868 352 3918 et
363 3863 476 3926 demna,
497 3881 515 3916 a
532 3861 673 3917 fratribus
698 3862 825 3917 exterius
844 3863 1002 3934 occupatis,
1021 3862 1097 3918 bona
1114 3863 1205 3918 eecle—
1217 3840 1356 3889 (ΜΝ

158 3948 309 4003 “siarum
333 3948 365 4002 iu
388 3947 523 4001 manibus
548 3946 724 4002 habentibus
743 3947 931 4016 regulariter,
954 3953 1116 4018 exurgunt;
1136 3964 1204 4000 nam
1217 3906 1337 4036 {iffi}

159 4035 179 4059 “
200 4031 301 4102 quales
327 4029 386 4101 ipsi
416 4049 434 4084 a
458 4029 567 4100 populo
597 4031 795 4094 inveniuntur,
823 4031 896 4085 tales
927 4036 1026 4086 autem
1050 4036 1081 4084 et
1106 4029 1205 4084 caeteri
1218 4037 1360 4088 dimtianer

160 4119 180 4143 “
199 4115 566 4178 meduntam-statuimus
587 4114 690 4185 igitur,
713 4122 743 4170 et
764 4114 941 4179 ordinamus,
966 4120 999 4170 ut
1022 4104 1298 4168 administra-⁰¹⁴the

160 4202 180 4228 ‘¹
198 4201 291 4255 tiones
317 4199 476 4254 exteriores
506 4199 644 4253 fratribus
674 4198 818 4263 fidelibus,
839 4198 984 4264 diseretis,
1017 4203 1047 4252 et
1075 4197 1205 4254 moribus
1220 4171 1307 4221 order·

578 4362 812 4370 --ο--ο,ι------ι---->

193 4470 201 4503 ¹
213 4469 258 4519 2⁸⁶
268 4469 297 4527 in
307 4471 363 4522 ΜΒ.
740 4467 751 4498 ³
762 4477 833 4532 cepto
848 4469 874 4518 in
886 4469 942 4520 MS.

191 4547 203 4581 ²
215 4549 326 4600 Omitted
337 4551 366 4599 in
376 4551 419 4600 the
426 4556 489 4610 text,
497 4549 660 4613 butsupplied
742 4547 751 4580 ⁴
762 4564 779 4596 a
790 4548 817 4597 in
830 4548 894 4606 MS,
905 4550 939 4614 by
951 4548 1133 4602 inadverteuoe.
1188 4580 1193 4591 ·

161 4629 189 4679 in
199 4629 243 4680 the
254 4630 360 4694 margin,
370 4630 426 4680 ins
436 4631 499 4679 later
509 4628 583 4679 band.
