3038 5452
396 733 605 782 nosternnu
628 732 749 781 sanem
772 730 906 780 suanm.
1156 720 1198 784 63

153 921 172 946 “
192 918 293 976 Sancti
304 919 422 987 Albani,
437 926 467 976 et
478 920 610 992 ejusdem
627 921 685 977 loci
698 920 876 988 Conventus,
891 921 1017 978 salutem
1030 922 1062 977 in
1074 922 1199 977 Domino
1220 918 1290 969 John
1301 919 1342 969 IV
1345 956 1360 980 ι,

153 1007 172 1029 “
193 1005 409 1076 sempiternam.
436 1005 511 1062 Cum
518 1024 580 1071 nos,
591 1006 848 1079 praefatusAbbas
860 1007 891 1061 in
902 1007 1033 1063 novitate
1042 1007 1199 1063 creationis
1262 986 1323 1036 Μ

154 1092 173 1115 “
192 1095 309 1156 nostrae,
322 1091 374 1146 uni
399 1090 435 1146 de
459 1091 576 1146 clericis
600 1091 719 1146 Domini
740 1091 843 1162 Regis,
867 1109 956 1163 quem
973 1092 1092 1148 duxerit
1109 1092 1201 1148 nomi·
1243 1052 1341 1170 Affi'

153 1178 172 1200 “
192 1174 330 1240 nandum,
356 1176 387 1229 in
419 1175 546 1249 quadam
576 1177 717 1248 pensione
742 1175 778 1230 de
810 1175 896 1230 domo
926 1183 1027 1232 nostra
1060 1176 1201 1248 praedicta
1244 1191 1350 1236 1302-8.

153 1261 173 1285 “
194 1259 319 1331 singulis
337 1259 420 1315 annis
439 1259 635 1332 percipienda,
651 1259 741 1314 donec
760 1260 855 1314 eidem
874 1278 927 1332 per
944 1278 998 1316 nos
1012 1260 1048 1315 de
1061 1261 1200 1315 beneficio
1259 1285 1325 1296 --

154 1347 173 1370 ‘⁴
193 1344 368 1414 competenti
385 1346 538 1417 provisum
557 1345 697 1409 extiterit,
716 1351 887 1411 teneamur3
909 1346 1034 1401 acidam
1056 1345 1200 1401 Dominus
1213 1319 1355 1398 ⁰f²5i⁰²¹¹y

69 1420 81 1443 '
154 1427 256 1482 “Rex
282 1429 421 1485 dilectum
446 1429 587 1484 clericum
612 1447 707 1494 suum,
737 1430 901 1485 Johannom
930 1430 967 1484 de
998 1429 1198 1494 ¹Ourtiniaco,
1213 1403 1316 1504 gffln

154 1516 172 1539 “
191 1513 272 1570 nobis
304 1514 475 1578 nominavit,
504 1514 542 1570 ad
564 1515 674 1569 dictam
704 1516 873 1588 pensionem
904 1515 1198 1581 obtinendem-nos,
1212 1521 1336 1571 maristo

155 1601 174 1622 ‘·
194 1598 306 1669 praei'ati
330 1598 430 1655 Abbas
457 1605 487 1655 et
511 1599 690 1665 Conventus
713 1600 809 1655 eidem
837 1600 964 1655 Johanni
984 1618 1109 1655 annuam
1133 1587 1321 1671 Popthensis

154 1684 174 1707 ‘⁴
194 1682 304 1738 sionem
322 1682 424 1739 decem
447 1701 612 1739 marcarum
631 1683 667 1737 de
687 1682 811 1739 (temera
828 1684 962 1750 Abbatia,
983 1684 1034 1755 qui
1051 1701 1105 1755 pro
1128 1689 1201 1740 tem-
1214 1654 1290 1705 dest·

154 1770 174 1792 “
192 1785 261 1839 pore
273 1767 372 1834 fuerit,
387 1768 512 1839 singulis
525 1768 618 1832 annis,
634 1768 773 1840 quamdiu
782 1769 890 1824 vixerit
902 1769 933 1823 in
942 1769 1044 1824 habitu
1057 1769 1199 1833 seculari,

156 1855 174 1876 “
194 1851 231 1906 ad
242 1851 364 1908 Festum
384 1851 484 1908 Sancti
502 1852 669 1916 Michaelis,
684 1859 715 1908 et
734 1852 770 1908 ad
789 1853 911 1908 Festum
930 1842 1051 1907 Pasoh'ae
1069 1853 1201 1924 proximo

157 1939 174 1961 ‘⁴
194 1953 328 2007 sequens,
342 1955 395 2008 pro
420 1937 527 2010 aquali
548 1937 680 2009 portione
701 1937 929 2008 percipiendam,
944 1938 1047 1992 damus
1060 1942 1090 1992 et
1102 1954 1201 1992 conoe-

156 2023 174 2047 “
194 2020 307 2088 dimus;
326 2021 457 2078 volentes
475 2020 552 2094 quod
564 2022 673 2076 dictam
690 2023 869 2093 pensionem,
884 2040 937 2095 per
950 2039 981 2077 se
992 2022 1041 2077 vel
1050 2039 1102 2092 per
1114 2039 1200 2076 suum

158 2108 176 2130 ‘¹
195 2110 308 2160 certum
339 2110 370 2160 et
394 2106 585 2161 sufficientem
605 2111 792 2170 attenuatum,
817 2107 854 2160 ad
878 2106 971 2162 dictos
1001 2106 1150 2172 terminos,
1170 2106 1200 2160 in

158 2193 175 2214 “
194 2189 288 2244 forma
318 2190 460 2260 praedicta
493 2189 571 2261 apud
596 2190 734 2245 Sanctum
760 2191 906 2246 Albanum
929 2191 1082 2263 pereipiat,
1111 2190 1201 2245 donec

156 2272 289 2328 “eidem
314 2290 366 2344 per
390 2291 442 2330 nos
468 2272 504 2328 de
531 2274 671 2329 beneficio
693 2276 878 2346 competenti,
900 2276 977 2331 sicut
994 2264 1199 2346 premittitur,

156 2361 173 2382 ⁶·
192 2358 388 2429 provideatur.
438 2359 475 2414 In
492 2359 577 2429 cnjus
596 2360 639 2414 rei
664 2360 874 2424 testimonium,
894 2365 919 2415 et
937 2365 1045 2416 eoetoea.
1092 2359 1201 2415 Datum

155 2442 173 2466 ⁸‘
192 2441 270 2513 apud
302 2441 440 2498 Sanctum
467 2440 622 2506 Albanum,
649 2444 680 2497 iu
707 2444 794 2514 pleno
826 2444 962 2516 Capitale
992 2449 1100 2506 nostro,
1126 2460 1201 2500 nono

155 2529 172 2550 ‘⁴
194 2524 306 2582 decimo
336 2527 383 2582 die
415 2526 607 2599 Septembris,
640 2546 714 2584 anno
744 2530 830 2599 regni
860 2528 953 2600 Regis
984 2527 1120 2584 Edwardi
1151 2528 1202 2583 tri·

155 2611 174 2636 ‘¹
193 2610 334 2666 cesimo.”

153 2889 203 2957 De
215 2911 296 2977 poce
310 2890 403 2956 inter
417 2897 642 2956 nacarat-am
656 2890 817 2957 Abbotem
833 2897 862 2955 et
885 2889 1067 2956 Robcrtana
1092 2891 1201 2957 Tata-

243 2993 326 3071 tsale‚
349 2994 563 3059 Advocatum
584 2994 623 3058 de
650 2993 909 3075 Wyniancihom
929 2994 1062 3058 notione
1093 2992 1203 3078 cajus·

242 3095 325 3161 dum
350 3095 561 3162 liberationis
589 3096 697 3182 ponis
721 3104 749 3159 ei
776 3094 943 3160 nerana
966 3118 1028 3180 per
1058 3094 1202 3159 eostam

241 3205 368 3266 enacim

197 3376 334 3442 Auditis
372 3397 430 3462 per
468 3377 600 3441 modum
638 3376 840 3441 visitationis
875 3376 963 3440 votis
998 3375 1201 3462 singulorum
1215 3402 1303 3453 Abbot

151 3480 293 3546 nanum
316 3478 352 3544 in
383 3477 558 3544 Conventa
585 3477 699 3542 Sancti
729 3479 862 3558 Albani,
895 3500 969 3542 oum
1004 3484 1202 3545 memoratus
1215 3466 1318 3519 ³⁰¹¹¹¹i⁸

153 3583 278 3660 Abba,
307 3586 452 3667 rogatus,
475 3581 519 3645 ad
548 3554 670 3644 testum
702 3582 864 3667 ingressus
895 3581 1030 3646 Domini
1060 3581 1202 3648 Abbatis
1215 3542 1370 3667 {migir-

154 3685 196 3751 a
210 3685 334 3751 anea
350 3683 537 3763 aimundo,
552 3684 588 3747 a
605 3684 705 3748 resto
722 3684 924 3749 nativitas
939 3684 1071 3750 sanas
1087 3684 1201 3752 Maria
1213 3668 1375 3786 ffliffif

153 3788 364 3865 celebratum,
379 3785 503 3851 ibidem
519 3787 670 3862 venisset,
689 3792 722 3851 et
745 3788 925 3851 invenisset
948 3787 1125 3853 Dominum
1138 3790 1202 3854 Ro·
1213 3802 1242 3852 of
1252 3801 1325 3851 Saint

154 3892 285 3956 bertum
308 3890 349 3954 de
371 3888 549 3967 Tateshale,
563 3890 729 3974 juniorem
741 3888 882 3975 ;-³qui,
896 3889 1004 3954 furore
1020 3898 1201 3958 commotus
1213 3868 1372 3998 ξῐῗξξζξξ

154 4017 212 4082 pro
235 4016 273 4059 eo
295 3992 384 4079 quod
405 3992 580 4077 quamdam
604 3993 833 4058 liberationem
856 3994 950 4079 panis
973 4000 1007 4058 et
1029 3991 1264 4079 {cervisiam
1279 4006 1349 4051 1³⁰2·

155 4118 252 4183 quam
269 4096 490 4183 progenitores
505 4095 556 4158 sui
572 4096 736 4181 percipere
751 4101 987 4160 consueverant
1002 4098 1037 4160 in
1047 4098 1200 4163 Prioratu

157 4198 198 4264 de
220 4199 476 4286 Wymundham‚
503 4199 718 4284 praedecessor
744 4200 846 4284 ipsius
861 4199 1012 4277 abbatis,
1037 4200 1200 4279 videlicet,

158 4301 319 4368 Dominus
343 4302 367 4366 J
369 4303 514 4366 ohannes
537 4302 578 4366 de
602 4302 867 4375 Berkhamstede,
893 4303 1015 4366 auferri
1039 4302 1124 4381 fecit,
1148 4325 1201 4392 pe·

498 4504 816 4513 -—-—-.·—.-———---
828 4505 840 4510 -
851 4505 897 4510 -ι,
911 4506 957 4512 -—
967 4506 974 4511 .
1001 4506 1039 4513 w..
1055 4508 1089 4513 .—

195 4608 201 4636 ¹
214 4607 318 4658 Writted
330 4611 345 4634 ‘⁶
360 4606 481 4657 'runiaco
489 4609 504 4631 ''
516 4611 601 4659 abore.
731 4612 740 4640 ³
752 4609 807 4658 The
815 4616 917 4658 context
925 4609 946 4659 is
953 4611 1087 4661 continued
1095 4621 1120 4663 at
1126 4618 1141 4642 “
1150 4631 1205 4665 eon·

195 4688 204 4716 ‘-
215 4688 309 4739 reniae
320 4687 347 4738 in
358 4687 415 4739 MS.
698 4690 713 4718 “
723 4686 850 4740 siderando
857 4690 1008 4752 potenticm'’
1018 4691 1045 4740 in
1057 4701 1193 4761 nextpcge
