3038 5452
250 687 316 757 474
642 703 817 754 mannum
843 689 900 774 (a)

254 891 274 916 “
293 889 359 954 sibi,
379 890 449 945 dum
467 890 604 957 celebrat,
618 891 842 949 ministrantem.
879 893 919 947 Et
936 891 1006 946 dum
1024 890 1118 947 servit
1136 890 1243 955 cidem,
1256 886 1294 945 ait

253 976 273 1000 “
291 974 440 1040 calciatus,
460 981 490 1030 ct
517 977 721 1047 superpellicio
745 978 855 1032 mundo
879 977 1009 1042 indutus,
1039 976 1202 1046 habeatque
1226 980 1292 1029 tuuc

251 1061 270 1084 “
290 1059 348 1113 duo
373 1060 530 1115 luminaria
555 1062 707 1128 ardentia;
738 1063 911 1134 nullumque
938 1062 1079 1117 clericum
1109 1061 1296 1131 conjug-atum

253 1145 272 1170 “
291 1143 370 1199 circa
399 1163 515 1200 sacrum
545 1146 636 1201 altare
662 1145 837 1217 Gapellanus
867 1148 1015 1203 deservire
1044 1146 1209 1217 permittat,
1237 1141 1298 1198 nisi

253 1229 272 1253 “
291 1229 381 1284 fuerit
408 1231 476 1286 talis
507 1232 557 1300 qui
585 1231 751 1288 castitatem
776 1231 890 1290 voverit
914 1237 1106 1304 perpetuam
1126 1231 1184 1287 sub
1211 1244 1298 1300 poam

253 1313 272 1338 ‘⁶
291 1319 461 1383 prenotata.

362 1570 411 1636 De
432 1570 542 1638 detta
563 1579 595 1638 et
616 1572 755 1640 leonata
777 1594 861 1640 ewra
883 1573 896 1611 ¹
913 1572 1193 1639 Ooenaetem'oraaa

288 1711 307 1736 “
327 1709 456 1766 Caveant
473 1711 594 1783 insuper
611 1711 751 1767 Rectorcs
770 1717 800 1767 et
818 1711 942 1776 Vicarii,
960 1729 997 1766 nc
1010 1729 1064 1782 per
1082 1728 1186 1766 corum
1203 1708 1286 1780 negli-

252 1795 272 1820 “
291 1794 421 1865 gentiam
439 1796 607 1851 coemcteria
630 1797 728 1850 minus
754 1797 826 1851 bene
855 1796 1038 1859 claudantur,
1059 1796 1112 1850 sed
1139 1813 1195 1848 nee
1219 1792 1284 1847 muri

253 1880 272 1904 ‘⁴
291 1879 504 1935 circumdantes
534 1881 632 1935 minus
664 1880 737 1935 bene
763 1880 976 1952 cooperiantur.
1023 1878 1082 1934 Sed
1108 1878 1285 1950 quandocun-

252 1967 271 1990 “
291 1983 348 2034 que
377 1983 497 2020 neccsse
521 1965 620 2031 fuerit,
648 1965 840 2038 parochianos
867 1983 935 2020 suos
960 1969 1106 2028 moneant,
1127 1970 1158 2018 et
1186 1981 1233 2017 eos
1256 1979 1271 2016 a

252 2050 271 2076 ‘⁶
290 2049 345 2104 hoo
363 2068 416 2120 pro
433 2049 546 2105 viribus
565 2050 627 2105 suis
645 2049 796 2105 inducant.
834 2049 960 2104 Nullum
987 2049 1077 2104 etiam
1096 2047 1205 2102 animal
1230 2064 1285 2116 pas·

252 2135 271 2160 “
290 2138 357 2188 cant
374 2134 406 2188 in
423 2133 599 2200 coemeterio,
619 2133 672 2189 aed
688 2152 742 2189 nec
759 2133 840 2205 pasci
858 2134 1037 2205 permittant.
1075 2131 1160 2201 Quod
1178 2131 1286 2202 quidem

252 2219 271 2244 “
289 2219 501 2283 coemeterium,
521 2218 597 2274 sicut
627 2219 736 2273 atrium
763 2218 904 2284 ccclesiae,
924 2217 1065 2274 custodiri
1092 2216 1230 2271 volumus
1247 2213 1286 2267 de·

250 2303 270 2327 “
289 2306 397 2368 center,
418 2303 474 2358 sub
498 2319 582 2378 poena
607 2301 747 2358 canonica
764 2301 887 2367 eisdem,
909 2301 935 2357 si
953 2299 1203 2367 contravenerint,
1222 2298 1288 2353 infli-

251 2386 271 2412 “
291 2385 394 2456 ganda.

250 2673 301 2738 Dc
323 2695 410 2739 cerco
436 2673 599 2740 Peaetali
620 2674 663 2739 ia
685 2672 845 2739 conamina
867 2673 918 2738 ccl
939 2694 1051 2752 cereos,
1075 2680 1106 2738 et
1127 2672 1169 2738 de
1191 2669 1289 2738 arra·

339 2770 491 2842 malibus
512 2775 556 2841 tra
577 2782 780 2842 anennoeto
802 2774 952 2857 eccleciae,
973 2774 1236 2841 secaveaendie.

288 2937 307 2962 “
327 2934 502 3003 Quinetiam
521 2952 586 3003 quae
605 2933 668 2988 Deo
687 2940 755 2990 sunt
773 2941 951 3000 consecrata,
972 2935 1114 2999 dedicata,
1136 2953 1189 2990 seu
1207 2934 1291 3005 depu-

253 3024 272 3046 “
291 3025 363 3085 tata,
384 3018 422 3073 ad
438 3015 594 3089 lprolanos
612 3037 684 3073 usus
710 3020 841 3074 converti
866 3039 924 3074 non
949 3019 1064 3083 debent,
1085 3020 1244 3074 statuimus
1261 3035 1291 3072 ac

254 3107 272 3130 ‘⁴
292 3104 460 3159 ordinamus
479 3102 557 3173 quod
575 3122 644 3173 pars
662 3121 815 3158 remanens
834 3104 871 3157 do
891 3121 975 3159 cereo
1002 3103 1139 3158 Paschali
1165 3109 1292 3158 moretur

253 3194 270 3218 “
290 3189 321 3243 in
339 3189 481 3254 ecclesia;
500 3193 531 3242 et
555 3187 623 3242 inda
642 3188 713 3243 fiant
731 3189 859 3243 candela
876 3188 924 3243 vel
943 3188 1021 3242 ccrci
1039 3188 1120 3242 circa
1137 3188 1240 3254 altare,
1258 3185 1292 3243 ad

253 3277 272 3299 “
291 3275 465 3345 obsequium
476 3272 625 3328 divinum:
641 3280 671 3328 et
689 3272 767 3343 quod
785 3272 822 3327 ad
839 3272 937 3328 nullos
949 3273 1022 3327 alios
1038 3291 1111 3327 usus
1128 3274 1291 3344 deputetur,

253 3359 271 3383 ‘⁶
291 3375 359 3412 eum
376 3359 459 3430 prius
477 3357 567 3412 fuerit
586 3362 764 3412 consecrata.
801 3356 885 3411 Idem
912 3375 966 3428 pcr
991 3357 1087 3412 omnia
1114 3357 1241 3413 dicimus
1258 3356 1292 3411 de

253 3444 271 3467 ‘⁴
292 3442 625 3512 carismatibus-quod
644 3442 726 3497 nullo
744 3441 830 3495 modo
848 3447 1052 3497 removeantur
1070 3442 1107 3497 ab
1125 3442 1252 3498 ecclesia
1265 3442 1295 3496 iu

254 3528 273 3550 “
294 3545 352 3595 qua
370 3533 438 3582 sunt
455 3526 572 3592 oblata3
593 3527 645 3582 scd
673 3526 741 3580 indo
759 3526 830 3581 fiant
848 3527 1055 3597 superpellicia
1072 3532 1103 3581 et
1122 3527 1190 3594 alia,
1211 3531 1294 3599 prout

253 3611 272 3635 ‘⁶
292 3610 386 3675 dccet,
407 3612 439 3664 in
456 3611 589 3666 ecclesiis
608 3611 780 3666 necessaria.

257 3865 301 3931 Ut
323 3864 447 3932 Oareta'
472 3865 627 3951 famenna
651 3865 820 3951 baptismi,
845 3873 875 3932 et
909 3864 1074 3932 articulos
1088 3864 1189 3950 fidei,
1214 3864 1297 3932 dili·

339 3976 452 4054 penta
474 3967 664 4046 addiscant,
687 3976 718 4035 et
732 3991 849 4035 coram
867 3967 1095 4055 parochianae
1111 3968 1297 4035 incalcata

339 4079 517 4158 exportant.

287 4220 306 4244 “
327 4217 404 4286 Quia
421 4237 491 4274 vero
503 4221 622 4290 propter
634 4216 856 4288 negligentiam,
871 4235 924 4272 seu
935 4216 1124 4288 imperitiam,
1138 4217 1297 4274 Rectorem

251 4304 271 4328 “
291 4307 322 4357 et
333 4302 529 4369 Vioariorum,
548 4303 690 4357 hactenus
708 4303 801 4358 multa
819 4303 950 4373 pericula
967 4303 1177 4373 perpendimus
1195 4320 1298 4374 perve-

282 4533 482 4585 ¹Cimiterioram
493 4536 585 4587 inMS.
824 4534 1086 4599 ³pr0plaaaintts.

284 4613 470 4667 Quaerendae
479 4616 505 4665 in
517 4616 572 4666 MS.
