3038 5452
335 669 398 733 160
725 685 831 735 naara
854 686 1019 738 ansam

196 856 285 977 ἓξὲξ,
331 868 360 932 si
390 872 465 954 post
502 870 790 955 proclamationem
835 879 871 940 et
906 874 1140 940 inhibitionem
1179 872 1381 961 hujusmodi,

193 989 289 1050 Abbot,
331 969 458 1057 aliquos
479 972 616 1037 rebelles
646 974 835 1053 invenisset,
859 998 914 1041 eos
947 978 1018 1041 sine
1051 976 1208 1042 dilatione
1237 982 1381 1065 caperet,

205 1057 274 1108 AD·
331 1077 365 1137 et
387 1074 423 1137 in
446 1074 578 1160 prisona
600 1075 700 1163 Regis
714 1077 806 1143 salvo
828 1080 988 1145 custodiri
1010 1080 1140 1160 faceret,
1162 1079 1268 1145 donec
1286 1078 1381 1145 aliud

208 1219 275 1232 .-
297 1161 304 1176 ’
330 1197 351 1238 a
373 1175 462 1262 Rege
484 1199 581 1263 super
603 1178 664 1243 hoc
685 1179 846 1266 reciperet
867 1182 904 1245 in
925 1181 1098 1247 mandetis.

162 1256 318 1375 ,fflffiw
375 1278 485 1365 Igitur
506 1277 568 1344 sub
591 1280 652 1346 hee
682 1281 788 1348 ferma
820 1284 987 1369 publicato
1016 1285 1174 1350 mandate
1197 1284 1288 1372 regio
1311 1282 1382 1348 Ka-

162 1406 283 1455 penaon
330 1379 436 1446 lendis
459 1382 631 1447 Februarii
670 1383 706 1448 in
737 1385 819 1450 villa
857 1385 897 1451 de
937 1385 1059 1452 Sancto
1096 1386 1238 1466 Albano,
1277 1384 1382 1451 timor

161 1458 318 1590 {ffiffiff
329 1484 551 1550 malefactores
573 1485 706 1565 invasit,
728 1488 779 1552 ita
801 1494 839 1553 ut
871 1488 913 1552 de
943 1489 1117 1555 voluntate
1143 1488 1292 1554 irruendi
1322 1508 1380 1553 ex·

160 1591 309 1652 cumaeam
330 1587 470 1651 trinseca
485 1588 727 1674 mitigarentur,
743 1597 777 1655 et
800 1589 920 1655 armati
942 1590 1099 1669 incedere,
1123 1596 1183 1656 aut
1204 1612 1299 1656 arma
1320 1611 1380 1677 per

162 1657 306 1708 butdonot
355 1689 362 1702 ·
475 1689 482 1704 .
1305 1691 1352 1707 Η

161 1724 276 1774 abanan
329 1711 419 1754 vicos
450 1691 590 1770 vibrare,
621 1699 790 1759 cessarent.
845 1693 896 1758 De
930 1700 1085 1758 eonvrtns
1116 1698 1238 1769 tamen,
1267 1713 1379 1769 numa,

161 1789 268 1923 {th
329 1797 365 1858 et
402 1793 619 1879 blasphemiis,
652 1817 689 1860 ae
727 1794 1068 1871 eenfoederationibus,
1097 1800 1167 1860 tam
1205 1795 1378 1860 cellamn-

328 1894 409 1959 lium
426 1895 590 1971 villarum‚
614 1919 713 1981 quam
738 1897 1019 1962 Londoniensium
1042 1897 1173 1974 civium,
1197 1896 1321 1981 quibus
1342 1916 1378 1961 se

328 1997 595 2063 confoederabant
616 2021 675 2085 per
696 2000 866 2065 vinculum
883 1999 1074 2085 juramenti,
1089 2021 1156 2064 nen
1178 1998 1361 2065 cessabant

159 2095 315 2214 sl'htepteffiss
373 2098 570 2164 ¹Communi
601 2100 736 2187 insuper
769 2102 857 2166 inter
890 2123 945 2166 eos
977 2101 1160 2167 constituto
1195 2101 1377 2187 marsupio,

158 2178 296 2280 gradier-
328 2203 559 2268 conduxerunt
596 2204 786 2284 servientes
817 2204 1037 2292 jurisperitos,
1079 2204 1211 2279 scilicet,
1254 2203 1377 2288 quibus

157 2295 290 2413 {gew-
327 2310 486 2390 perpetua
515 2305 610 2370 feoda
647 2307 868 2391 promiserunt
905 2328 963 2392 per
999 2304 1130 2391 scripta,
1169 2309 1208 2368 ut
1242 2326 1377 2370 eausam

327 2406 524 2471 villanorum
561 2414 755 2489 tuerentur;
800 2409 1010 2495 disponentes
1043 2408 1084 2471 ab
1119 2407 1181 2472 hoc
1226 2410 1377 2493 tempore

328 2509 490 2596 perviam
506 2510 620 2596 placiti
641 2533 717 2575 suas
735 2510 891 2575 abusivas
905 2516 939 2575 et
956 2510 1096 2595 injustas
1117 2508 1237 2593 exequi
1260 2529 1376 2573 causas

157 2617 213 2668 'l'ne
226 2619 361 2677 Abbotet
384 2613 538 2698 querelas.
596 2613 624 2676 E
656 2613 785 2678 diverso
808 2613 931 2691 Abbss,
962 2611 1064 2675 nullis
1090 2631 1227 2696 parcens
1252 2609 1376 2675 labori-

157 2685 296 2803 m
325 2715 387 2780 bus
409 2722 469 2780 aut
492 2716 653 2802 expensis,
676 2738 749 2782 cum
776 2737 835 2781 suo
859 2714 992 2779 interim
1015 2713 1153 2800 provido
1176 2712 1375 2778 deliberavit

157 2818 250 2869 inaeif-
325 2820 459 2883 consilio
483 2841 595 2885 eorum
618 2819 754 2883 malitiis
777 2817 922 2896 obviare,
938 2839 976 2881 ac
995 2837 1093 2903 super
1117 2815 1219 2879 illatis
1241 2814 1374 2899 injuriis

157 2887 266 2936 defense.
324 2943 465 3008 congruo
488 2927 637 3007 tempere
668 2919 848 2985 remedium
871 2920 1055 3004 impetrare.
1111 2916 1240 2996 Quibus
1263 2916 1375 3002 cogni-

156 3031 272 3109 lfroposi.
325 3025 376 3102 ais,
401 3048 459 3091 sex
482 3048 522 3090 ex
546 3024 724 3108 majeribus
755 3022 854 3102 villae,
885 3020 1055 3086 associatis
1079 3019 1143 3084 sibi
1173 3019 1373 3105 quibusdam

156 3100 296 3228 ppphpade
325 3131 442 3215 patriae
478 3128 667 3204 convicinis
706 3127 799 3191 velut
835 3124 949 3190 amicis
986 3121 1201 3197 intermediis,
1238 3122 1373 3187 nomine

156 3238 293 3281 mnemon
324 3233 430 3296 totius
453 3230 701 3296 communitatis
717 3230 815 3307 villae,
832 3229 875 3292 ad
890 3227 1055 3293 Abba-tem
1072 3229 1237 3290 venerunt
1252 3226 1373 3310 quinto

156 3294 291 3412 ἓξὲξ
326 3331 406 3398 Idus
429 3332 610 3411 Februarii,
633 3338 786 3418 rogantes
809 3336 848 3395 ut
871 3330 958 3396 diem
978 3327 1169 3394 concederet
1192 3328 1374 3393 demutas

157 3426 293 3555 {lflffll'l
324 3457 402 3519 pace
424 3435 600 3499 tractanda
623 3433 810 3509 Londoniis‚
833 3435 868 3496 in
892 3432 1038 3498 Ecclesia
1060 3430 1177 3496 Sancti
1200 3429 1305 3495 Pauli

155 3558 269 3611 mneos
368 3537 482 3601 Abbas
497 3541 610 3600 autem
632 3535 834 3621 perpendens
849 3535 956 3599 adhuc
979 3535 1015 3598 in
1036 3540 1125 3599 terra
1142 3554 1255 3619 pacem
1270 3532 1371 3599 vacil-

155 3640 285 3692 Whiehi·
323 3638 455 3713 lentem,
479 3637 694 3723 praecavendo
717 3637 868 3723 pericula,
897 3637 1040 3723 septimo
1062 3634 1232 3701 Kalendas
1255 3634 1372 3701 Martii

155 3710 281 3773 mm
322 3742 358 3805 in
382 3739 527 3805 Ecclesia
550 3738 665 3804 Sancti
689 3739 783 3803 Pauli
807 3740 846 3803 de
869 3760 946 3825 pace
970 3743 1114 3803 tractare
1136 3738 1304 3805 concessit

359 3951 409 4017 De
427 3950 551 4015 iterato
574 3948 745 4014 obsid-iona
768 3946 942 4013 ablativio·
965 3946 1086 4013 Sotadi
1109 3945 1245 4012 Albani
1264 3967 1330 4032 per

695 4049 841 4115 oilloaos
868 4048 998 4114 ibidem.

154 4199 308 4283 Thebana
367 4189 507 4256 Interim
538 4191 613 4275 post
635 4186 741 4273 pridie
772 4186 886 4250 Nonas
917 4186 1041 4261 Martii,
1066 4185 1143 4249 dum
1167 4185 1276 4249 adhuc
1296 4205 1370 4271 par·

152 4284 405 4401 ffiffiieffium
429 4295 660 4381 procuratores,
683 4288 792 4377 gratia
812 4288 1038 4374 componendi,
1062 4287 1243 4352 Londoniis
1264 4308 1369 4351 mora-

153 4403 253 4467 abbey.
319 4405 443 4475 rentur,
474 4393 601 4474 villani,
636 4414 724 4458 more
759 4391 977 4477 impatientes,
1017 4390 1053 4453 in
1091 4389 1273 4454 maximam
1305 4388 1369 4454 acti

325 4552 413 4563 .--,
704 4546 935 4555 -..-—-—---
966 4545 1118 4551 -——-—-—

749 4616 755 4645 ¹
771 4614 873 4666 Coerani
884 4613 912 4662 in
924 4612 981 4662 MS.
