3038 5452
539 757 716 806 Arraunlx
742 742 808 830 (n.)
1134 744 1197 808 519

156 944 175 968 “
195 942 374 1013 Obapelleyn
392 944 477 999 soleit
495 944 550 999 lire
568 947 596 999 lc
608 946 741 1018 Evangel
760 963 797 1000 en
809 946 919 1001 chacun
936 946 1080 1017 principal
1100 945 1197 1011 Festo,

152 1028 171 1052 “
193 1044 210 1079 a
228 1026 257 1080 la
276 1027 405 1097 graunde
423 1027 530 1083 Messe.
569 1030 613 1084 La
630 1030 717 1101 quele
735 1035 869 1086 custume
886 1029 998 1086 voloms
1017 1049 1075 1101 qne
1095 1030 1200 1086 desere
1293 1023 1297 1032 ¹

157 1111 323 1183 “cnavunt
341 1112 399 1166 soit
415 1112 532 1167 tenue.”

157 1381 175 1403 ‘⁴
196 1377 337 1449 Chaplain
354 1381 427 1435 used
445 1385 475 1435 to
487 1382 557 1436 read
569 1382 619 1436 the
633 1381 740 1453 Goepel
759 1399 796 1437 on
814 1382 886 1436 each
903 1380 1046 1452 principal
1059 1381 1198 1447 Festival,

157 1465 176 1488 “
195 1468 226 1517 at
237 1462 286 1517 the
299 1471 384 1534 great
401 1464 490 1520 Mass⁸
527 1466 588 1520 The
600 1466 695 1521 which
707 1472 820 1521 custom
831 1485 876 1523 we
888 1466 926 1520 do
937 1465 998 1522 will
1011 1467 1087 1521 from
1098 1467 1201 1522 hence-

158 1547 178 1570 “
198 1547 276 1601 forth
293 1554 324 1601 to
342 1547 378 1602 be
396 1549 496 1619 kept.’'

191 1692 279 1747 Edita
296 1699 326 1747 et
343 1695 493 1764 publicata
517 1702 589 1751 sunt
605 1696 669 1751 haec
686 1715 740 1768 per
759 1697 918 1751 Dominum
935 1697 1121 1762 Michaelem,
1141 1699 1199 1753 Ab·

157 1775 263 1840 batem,
290 1780 368 1848 apud
387 1779 513 1834 Domum
538 1781 574 1834 de
606 1781 750 1852 Sopwelle
773 1781 949 1836 visitationis
968 1781 1095 1838 officium
1120 1800 1200 1837 exer·

155 1866 287 1925 centem,
305 1863 352 1916 die
381 1864 494 1919 Sanctae
517 1864 600 1918 Fidis
623 1863 769 1934 Virginis,
795 1882 870 1919 anno
893 1864 1013 1920 Domini
1039 1865 1201 1921 millesimo

156 1947 361 2001 trecentesimo
378 1947 528 2004 tricesimo
546 1953 659 2004 octavo.

157 2132 377 2203 ¹0onetc'tctio
388 2138 533 2204 Docebat
550 2137 840 2218 thmoe,Abbuta's
854 2139 1061 2207 Mortcetcr‘ic'
1075 2141 1200 2209 Scacctc'

245 2239 386 2320 Albani,
420 2240 460 2306 de
498 2241 648 2308 locellis
680 2241 884 2310 ceetomone
913 2241 1130 2310 Metallum
1159 2242 1200 2309 dc

245 2342 403 2429 Sopwelle
424 2343 536 2410 editis.

193 2482 451 2550 “Memorandum,
472 2485 551 2556 quod
576 2490 757 2557 praeceptum
783 2491 829 2541 est
858 2487 999 2541 monacho
1025 2485 1201 2542 custodienti

158 2567 177 2591 “
196 2566 336 2622 moniales
349 2569 385 2623 de
405 2567 560 2642 Sapirene,
580 2567 658 2640 quod
669 2587 727 2624 non
738 2567 891 2641 permittat
902 2569 1031 2640 aliquem
1043 2570 1200 2634 hominem,

159 2652 178 2674 “
198 2651 367 2705 saecularem
386 2669 440 2708 nec
457 2653 636 2724 regularem,
655 2653 765 2708 intrare
789 2653 826 2709 ad
850 2653 944 2709 dietas
968 2654 1118 2719 moniales,
1144 2653 1202 2710 nisi

159 2733 177 2756 ⁴⁶
197 2733 233 2787 de
251 2735 369 2789 licentia
393 2735 516 2791 Abbatis
547 2735 645 2791 Sancti
663 2736 780 2801 Albani,
801 2743 839 2803 et,
859 2736 891 2791 in
915 2737 980 2807 ejus
1007 2737 1146 2802 absentia,
1166 2738 1203 2791 de

160 2818 178 2841 ‘⁴
197 2817 316 2874 licentia
333 2820 446 2876 Prioris
470 2818 644 2875 Monasterii
662 2820 811 2876 antedicti.
848 2820 888 2876 Et
904 2839 972 2876 cum
990 2822 1097 2892 aliquis
1116 2822 1205 2875 licen-

160 2903 179 2926 “
199 2902 270 2956 tiam
288 2904 431 2968 babuerit,
451 2922 509 2959 non
533 2904 686 2975 permittat
703 2922 771 2959 eum
788 2905 907 2969 intrare,
927 2905 1100 2977 priusquam
1118 2904 1204 2959 dictae

162 2988 180 3010 “
199 2989 339 3043 moniales
366 2988 494 3044 dixerint
518 2987 631 3043 Horam
655 2987 787 3043 Primam
806 2987 874 3054 diei,
893 2994 929 3043 ut
950 2988 1040 3044 morie
1059 2993 1122 3055 est3
1150 3005 1204 3042 nec

162 3072 181 3095 “
200 3073 371 3141 permittant
382 3072 472 3127 talem
482 3072 666 3127 licentiatum
677 3073 787 3127 morari
797 3073 875 3127 infra
887 3072 1020 3128 clausum
1038 3070 1204 3136 earundem,

162 3156 181 3179 “
199 3162 266 3225 poet
282 3157 475 3227 pulsationem
494 3156 657 3212 collationis
675 3157 866 3212 inAbbathia
878 3156 977 3212 Sancti
987 3156 1104 3212 Albani.
1141 3157 1205 3212 Nec

162 3240 181 3263 “
200 3239 324 3309 ipsemet
340 3241 498 3296 monachus
516 3240 636 3295 intrabit
648 3241 686 3295 ad
698 3240 824 3306 easdem,
838 3241 897 3295 nisi
914 3259 982 3295 cum
993 3240 1101 3296 talibus
1118 3240 1205 3295 licen·

161 3324 181 3347 “
199 3323 291 3389 tiatis,
311 3323 368 3378 et²
388 3325 479 3380 exibit
505 3343 572 3380 cum
599 3325 727 3389 eisdem3
746 3325 794 3380 vel
811 3324 870 3380 nisi
887 3325 978 3380 fuerit
995 3324 1114 3396 aliquod
1132 3342 1205 3396 opus

162 3407 181 3431 ‘¹
202 3406 366 3463 faciendum
383 3409 460 3463 infra
478 3409 612 3464 clausum
623 3406 793 3474 earundem,
812 3408 861 3463 vel
878 3409 936 3464 nisi
954 3408 1053 3479 aliqua
1069 3408 1205 3464 monialis

163 3491 181 3515 ‘¹
202 3491 291 3546 suerit
315 3493 357 3547 sic
383 3493 538 3548 actualiter
562 3494 687 3559 infirma,
708 3493 786 3564 quod
812 3510 870 3547 nou
895 3494 989 3565 possit
1013 3493 1151 3549 accedere
1169 3492 1206 3548 ad

162 3577 180 3599 “
199 3575 297 3630 locum
326 3576 515 3632 confessionis
545 3578 655 3649 absque
681 3578 766 3649 gravi
795 3577 931 3632 molestia
960 3579 1122 3650 corporali;
1152 3596 1206 3634 nec

164 3661 182 3683 “
201 3660 362 3716 morabitur
374 3662 454 3715 ultra
470 3667 587 3733 tempus
605 3663 740 3734 superius
759 3661 948 3718 saecularibus
965 3663 1135 3729 limitatum
1148 3664 1206 3719 nisi

163 3744 182 3766 “
202 3743 316 3813 quando
333 3745 496 3815 pericnlum
513 3746 692 3802 infirmitatis
710 3746 881 3802 monialium
898 3747 953 3802 hoc
971 3748 1106 3819 requirit.
1141 3746 1206 3801 Nec

163 3828 181 3852 “
201 3827 341 3893 comedet,
372 3846 467 3900 neque
496 3829 584 3894 bibet,
616 3831 693 3887 infra
721 3831 855 3887 clausum
885 3831 1051 3895 earundem,
1082 3831 1139 3886 nisi
1169 3830 1205 3883 de

163 3912 182 3936 “
201 3910 325 3967 Abbatis
342 3912 461 3968 licentia
478 3913 629 3985 speciali.''

160 4043 226 4050 .—

197 4130 295 4183 1Ἑτοιιι
314 4132 370 4187 ΜΒ.
389 4132 508 4186 Claudius
525 4132 556 4184 u.
567 4133 611 4195 iv„
624 4131 666 4183 fol
735 4131 854 4181 ‘melin
865 4131 923 4184 MS.

166 4214 214 4261 377
224 4212 247 4262 b.
527 4211 532 4217 ’

541 4512 612 4565 am>
633 4511 678 4562 OF
700 4511 776 4562 VOL.
794 4511 829 4560 Π.
