3038 5452
472 706 646 758 murum
668 688 731 778 (a)
1056 685 1119 756 471

84 895 102 920 ‘⁶
120 893 206 958 verit,
220 892 247 948 si
265 891 419 956 salutauit,
433 891 579 962 publicam
597 896 628 948 et
645 892 805 948 solemnem
823 894 892 960 agat
908 889 1120 962 poenitentiam‚

82 979 100 1004 “
120 977 180 1032 acsi
199 977 235 1030 de
254 976 397 1030 adulterio
416 981 493 1032 osset
512 977 652 1032 convicta.
691 976 812 1032 sivero
830 974 1003 1045 desponsata
1021 976 1122 1030 extite-

80 1064 100 1088 “
116 1062 167 1127 rit,
180 1067 319 1132 tanquam
330 1079 384 1132 pro
402 1060 530 1132 ¹duplici
543 1059 686 1116 adulterio
703 1060 857 1131 puniatur3
877 1077 914 1114 ne
928 1060 1003 1116 tanti
1020 1066 1120 1115 reatus

81 1147 100 1173 '¹
117 1145 277 1217 impunitas
295 1145 368 1202 alias
385 1145 515 1216 praebeat
531 1145 684 1200 materiam
701 1144 900 1216 delinquendi.

116 1442 168 1510 Nc
189 1465 273 1511 aare
295 1442 588 1511 Parochiaaoram
610 1441 818 1531 Praeparat
839 1441 1038 1512 attactae
1060 1450 1090 1510 ct

363 1544 572 1631 ferrriccaic's
594 1546 832 1614 committatur.

116 1719 136 1745 “
155 1715 285 1773 (iaveant
301 1717 420 1788 insuper
438 1717 578 1774 Rectorcs
599 1725 629 1774 ot
646 1717 768 1784 Vicarii,
787 1737 824 1774 ne
841 1719 1021 1788 presbyteris
1032 1719 1121 1774 forni-

81 1802 101 1828 “
119 1801 217 1866 aeriis,
237 1807 287 1858 aut
313 1801 349 1856 de
375 1802 449 1857 vitio
472 1802 690 1858 incontinentia
716 1802 865 1868 convictis,
886 1821 938 1859 seu
956 1803 1119 1867 defamatis,

82 1885 102 1912 ‘⁴
120 1885 272 1956 parochias
291 1885 434 1956 regendas
451 1887 651 1953 committant;
679 1904 731 1942 seu
748 1887 893 1941 retineant
910 1886 1024 1942 noviter
1041 1886 1120 1941 defa-
1156 1925 1160 1930 -

82 1971 101 1996 “
120 1975 224 2034 matos,
237 1971 295 2025 nisi
308 1971 444 2026 canonice
459 1972 609 2043 potuerint
621 1989 652 2026 se
665 1988 810 2042 purgare:
829 1970 877 2026 vel
888 1970 996 2025 talibus
1008 1970 1059 2040 qui
1072 1975 1122 2025 aut

82 2055 102 2080 “
120 2055 275 2125 negligant
291 2061 343 2110 aut
359 2054 511 2126 ³ignorent
527 2055 668 2111 custodiae
686 2054 744 2111 sibi
761 2055 979 2120 commiserant
995 2054 1120 2120 deceret,

81 2138 101 2164 ‘⁶
121 2136 271 2192 intendere
288 2138 454 2209 vigilanter.
492 2138 575 2208 Quod
593 2139 620 2194 si
637 2139 733 2193 facere
751 2139 1000 2210 praesumpserint,
1014 2139 1122 2209 viginti

82 2222 102 2249 ‘⁸
121 2221 282 2278 solidorum
299 2241 386 2294 prena
401 2223 537 2281 noverint
555 2241 586 2279 se
603 2223 795 2279 mulctandos.

118 2307 137 2334 ‘⁸
157 2305 277 2377 Eligant
294 2305 389 2377 igitur
406 2307 462 2361 sibi
479 2307 666 2379 presbyteros
692 2313 768 2363 note
794 2306 983 2362 ordinationis
1009 2313 1039 2362 ct
1056 2324 1123 2362 con·

82 2389 102 2417 “
120 2389 295 2445 versationis
325 2390 463 2456 honestas,
495 2391 546 2462 qui
576 2391 708 2463 exemplo
736 2392 815 2457 vitae,
846 2392 937 2447 verbo
971 2390 1121 2457 docuina,

82 2473 102 2500 ‘⁸
121 2488 225 2544 parare
244 2472 369 2529 Domino
386 2475 503 2530 valeant
520 2475 636 2546 plebem
653 2475 829 2547 perfectam
859 2475 911 2546 qui
935 2476 1023 2530 etiam
1045 2475 1123 2530 circa

81 2558 101 2585 ‘⁸
120 2557 329 2614 correctionem
339 2557 580 2629 parochianorum
592 2559 718 2630 vigilant
728 2559 933 2625 ⁴iucessanter,
947 2563 977 2614 et
988 2576 1123 2615 excessus

80 2643 101 2670 “
120 2643 304 2699 subditorum
328 2645 515 2717 investigent.
561 2644 650 2714 Quos,
678 2645 703 2700 si
728 2645 760 2699 in
785 2645 934 2717 publicam
962 2645 1125 2717 prodierint

81 2729 101 2755 ‘⁶
120 2728 264 2794 notitiam,
284 2730 346 2785 sive
372 2731 489 2796 samam,
508 2730 602 2796 nobis,
621 2729 670 2786 vel
694 2728 907 2786 Archidiacono
932 2737 1041 2797 nostru,
1061 2730 1123 2787 sine

80 2815 101 2841 ‘¹
120 2831 211 2879 mora,
231 2814 285 2870 snb
302 2833 389 2886 poena
406 2815 614 2886 suspensionis,
633 2815 807 2871 denuncient
825 2816 1022 2886 corrigendos.

86 3128 130 3199 Ut
144 3128 293 3199 Rcctcrca
315 3138 345 3198 ct
364 3131 502 3200 Viccrii
516 3132 665 3220 stupetis
683 3130 853 3220 Capitalia
874 3132 1046 3209 interstat,
1056 3154 1123 3220 pro

274 3257 306 3301 ae
328 3242 358 3301 ct
379 3234 455 3303 saia
472 3232 702 3323 parochianis
724 3234 933 3322 rapotae

118 3410 137 3436 ‘⁸
155 3406 241 3476 Item,
261 3409 447 3482 precipimus
464 3411 496 3466 in
513 3411 622 3468 virtute
642 3409 824 3477 obedientie,
844 3415 874 3465 et
892 3410 947 3466 sub
965 3427 1051 3482 poena
1069 3409 1122 3465 Oa·

82 3493 102 3519 “
120 3493 218 3564 pituli,
238 3493 384 3559 videlicet,
412 3495 541 3551 dimidias
566 3512 681 3560 marcas,
711 3494 790 3565 quod
810 3512 910 3550 omnes
935 3494 1075 3549 Rectores
1095 3499 1125 3548 et

83 3578 104 3603 “
121 3575 236 3632 Vicani
253 3578 444 3648 personaliter
463 3579 588 3650 singulis
600 3579 737 3634 intersint
750 3578 904 3650 Capitulis,
918 3579 976 3634 nisi
988 3580 1024 3634 de
1036 3579 1124 3633 licon·

83 3661 103 3688 ‘⁶
122 3659 165 3716 tia
181 3659 272 3730 petita
291 3667 322 3716 et
339 3662 456 3718 obtenta
473 3664 608 3719 absentes
627 3664 750 3729 fuerint3
780 3667 809 3717 et
835 3669 905 3719 tunc
930 3665 1003 3719 tales
1021 3681 1075 3735 pro
1093 3680 1124 3717 se

82 3745 102 3772 ‘⁸
120 3744 249 3809 mittant,
263 3746 314 3814 qui
327 3746 363 3799 de
376 3747 656 3814 denunciationibns,
671 3748 881 3813 vocationibus,
896 3748 1123 3810 executionibus,

84 3830 103 3856 “
122 3846 158 3884 ao
175 3829 242 3883 aliis
259 3829 403 3885 mandatis
416 3831 498 3903 prius
512 3832 606 3896 factis,
625 3833 711 3904 plene
730 3851 763 3887 ac
782 3850 911 3904 congrue
923 3831 1124 3903 respondeant.

84 3914 103 3941 “
122 3914 290 3986 pariterque
317 3915 460 3987 recipiant
478 3935 543 3987 quae
569 3917 605 3973 de
625 3935 700 3973 novo
728 3919 910 3974 occurrerint
934 3915 1123 3986 injungenda.

83 3999 102 4025 ‘⁶
122 3996 158 4055 si
177 4016 248 4054 vero
269 4000 425 4055 casualiter
443 4002 521 4072 ipsos
540 4019 575 4057 ex
598 4001 678 4071 justa
694 4019 792 4068 causa,
811 4002 931 4057 licentia
948 4017 1005 4055 non
1023 3998 1123 4070 petita,

85 4082 105 4109 “
126 4082 229 4140 abesse
247 4084 405 4156 contingat,
424 4093 503 4151 tunc,
523 4086 554 4141 in
572 4087 703 4157 proximo
730 4087 867 4158 capitulo
892 4084 1027 4156 sequenti
1049 4080 1127 4152 quod

84 4168 103 4194 ‘⁶
122 4185 159 4224 ex
173 4167 256 4238 justa
272 4187 360 4225 causa
376 4171 532 4234 abfuerint,
552 4170 639 4227 fidem
655 4172 765 4228 faciant
782 4171 865 4227 nobis
883 4170 1054 4241 planiorem,
1071 4166 1126 4222 sub

85 4253 104 4280 ‘⁶
122 4269 210 4323 poena
227 4259 395 4325 praenotata.

584 4426 760 4434 --.-—-——-

661 4619 671 4650 ⁴
683 4619 848 4670 incessanter
858 4618 885 4668 iu
896 4617 953 4669 MS.
