3038 5452
233 699 298 770 470
623 711 799 762 irruumx
826 698 883 782 (e)

234 903 253 928 “
273 901 351 963 dum,
369 905 403 955 ut
420 900 599 956 continenter
616 906 646 956 et
663 907 743 956 ceste
760 900 861 957 vivere
879 900 1015 955 studeant
1032 898 1164 955 universi
1180 915 1273 953 secer·

235 971 356 1040 “*dotes
375 991 405 1040 et
423 987 533 1051 clerici,
552 985 675 1040 maxime
688 986 720 1040 in
738 987 828 1041 secris
841 985 991 1040 ordinibus
1003 983 1155 1039 constituti
1168 980 1225 1052 3¹}et
1240 987 1277 1037 nt

233 1072 252 1096 “
271 1071 401 1125 omnium
419 1071 533 1141 fugient
550 1070 694 1126 consortie
712 1071 907 1135 foeminarum,
927 1071 1007 1124 omni
1023 1070 1089 1126 loco
1102 1075 1134 1125 et
1145 1075 1273 1139 tempore

234 1156 253 1181 “
272 1154 324 1211 ubi
341 1159 371 1210 et
389 1155 503 1225 quando
521 1155 640 1211 sinistre
659 1155 788 1225 suspicio
804 1154 899 1225 possit
916 1153 1033 1209 exoriri.

447 1399 496 1464 ne
519 1397 725 1464 nocerem
747 1421 821 1464 ee
840 1395 1066 1485 septunce.

271 1550 290 1575 “
309 1547 389 1602 Huic
412 1548 501 1603 etiem
521 1566 578 1604 non
594 1549 743 1604 immerito
760 1548 940 1619 adjicientes,
954 1566 991 1602 ne
1016 1545 1193 1618 presbyteri,
1212 1545 1266 1601 sive

235 1634 254 1659 “
273 1631 382 1696 clerici,
402 1638 432 1688 et
450 1632 553 1687 sultem
569 1633 601 1686 in
619 1633 711 1688 sacris
729 1632 880 1687 ordinibus
899 1632 1061 1697 constituti,
1081 1629 1221 1685 mulieres
1242 1628 1267 1683 in

236 1715 408 1787 “hospitiis
438 1721 537 1771 tenere
566 1717 753 1788 praesument,
783 1716 842 1772 nisi
868 1721 984 1771 tentum
1009 1715 1117 1781 enum,
1144 1720 1267 1777 matrem,

235 1803 254 1828 “
273 1802 402 1866 emitum,
421 1802 470 1857 vel
488 1820 634 1869 sororem
662 1820 727 1873 quae
754 1807 852 1857 temen
879 1801 1161 1873 quinquagesimum
1185 1799 1268 1855 etetie

233 1887 252 1912 ‘⁶
272 1903 332 1940 suae
350 1903 457 1942 cunum
475 1887 661 1951 excesserint,
676 1887 814 1958 ipsusque
825 1886 900 1942 teles
919 1904 984 1943 esse
1003 1885 1042 1940 sit
1066 1901 1268 1956 usquequaque

233 1970 252 1997 “
271 1975 382 2026 notum.

231 2225 280 2291 Dc
314 2224 460 2292 convicto
494 2224 534 2291 dc
559 2224 843 2303 ¹iucoriticcctir,
876 2245 936 2289 seu
958 2223 1204 2303 Ωτεοὶιῑίνιωιίθ,
1234 2221 1270 2289 ct

256 2327 415 2412 decrescet
436 2327 584 2407 eccleciae,
606 2327 720 2414 officie,
743 2328 791 2393 ecl
814 2326 968 2413 bcrrcficic
990 2326 1233 2414 emendenda.

269 2485 288 2510 “
307 2483 454 2539 Praetcree
479 2484 550 2554 quie
574 2483 681 2539 vitium
708 2483 923 2539 incontinentiae
949 2484 1062 2539 elerum
1091 2483 1221 2540 muculet
1248 2487 1273 2537 et

234 2569 252 2592 “
270 2566 497 2623 lamentabiliter
523 2567 703 2634 dehonestet,
733 2568 890 2624 statuimus
917 2573 951 2624 ut
977 2568 1002 2622 si
1029 2568 1106 2638 quis,
1132 2568 1164 2622 in
1189 2566 1273 2623 sceris

233 2651 422 2708 “ordinibus
450 2654 636 2718 constitutus,
656 2653 693 2707 de
720 2653 793 2707 vitio
811 2652 1028 2709 incontinentiis
1047 2652 1190 2708 fueritin
1211 2651 1274 2723 jure

234 2736 253 2760 ‘⁶
273 2736 435 2799 confessus,
455 2736 503 2790 vel
521 2737 595 2792 elius
621 2737 755 2809 legitime
773 2737 934 2801 convictus,
954 2737 1123 2807 ingressum
1147 2735 1275 2792 ecclesie

234 2822 253 2846 “
271 2838 325 2891 per
343 2840 393 2876 sex
412 2839 526 2877 menses
545 2823 601 2878 sibi
613 2823 728 2878 noverit
740 2823 947 2878 interdictum:
968 2841 1056 2894 quem
1074 2824 1100 2878 si
1119 2823 1275 2879 recidivere

233 2905 253 2929 “
272 2906 444 2971 constiterit,
464 2907 500 2961 ub
525 2907 619 2962 officio
645 2907 694 2962 vel
721 2907 864 2963 beneficio
891 2908 931 2962 sit
956 2926 1127 2977 suspensus,
1147 2908 1276 2963 donece

234 2991 253 3016 “
272 2991 365 3056 nobis,
385 2991 434 3046 vel
451 2990 664 3047 Archidiecono
682 2998 790 3056 nostro,
804 2993 931 3063 gretiam
944 3000 1140 3063 consequetur
1158 2993 1195 3046 de
1208 3009 1276 3063 pre·

235 3075 254 3099 ‘⁶
274 3075 383 3130 missis.
432 3075 471 3130 Et
497 3093 533 3129 nc
558 3094 611 3147 per
635 3077 833 3147 ignorantium
851 3077 899 3131 vel
918 3077 1095 3131 oblivionem
1113 3075 1276 3149 presbyteri

234 3159 253 3182 “
273 3166 304 3213 et
331 3159 440 3225 clerici,
464 3160 590 3214 mexime
608 3160 640 3213 in
658 3161 749 3214 sceris
767 3160 918 3215 ordinibus
937 3161 1099 3224 constituti,
1114 3179 1146 3215 se
1165 3161 1278 3215 valeant

234 3243 253 3268 ‘⁶
273 3261 421 3308 excusare,
440 3243 627 3315 praecipimus
645 3242 858 3299 Archidiecono
876 3250 985 3308 nostro,
1005 3244 1034 3297 in
1052 3245 1163 3298 virtute
1183 3243 1277 3299 obedi·

234 3326 253 3350 “
273 3327 368 3390 entire,
383 3334 525 3397 quatenus
537 3345 666 3399 praesens
680 3328 828 3383 Statutum
839 3327 1020 3386 in'Genereli
1034 3327 1151 3398 Synodo
1170 3328 1277 3398 bisjpor

235 3410 253 3435 “
274 3427 381 3463 ermum
399 3411 536 3466 distincte
554 3419 585 3466 et
603 3417 702 3482 eperte
720 3430 817 3467 ccrem
835 3413 924 3478 clero,
938 3411 1065 3467 exclusis
1084 3413 1179 3477 laicis,
1194 3411 1277 3466 faciet

235 3494 254 3517 “
273 3494 410 3549 recituri:
438 3515 527 3566 quum
552 3496 752 3551 recitationem
776 3497 1004 3566 premonitione
1022 3497 1161 3551 canonice
1178 3494 1278 3550 heberi

235 3578 253 3600 “
273 3576 426 3642 volumus3
446 3597 482 3633 ne
496 3580 627 3650 ellegere
645 3581 767 3651 possint,
782 3598 850 3634 cum
867 3580 904 3635 ed
917 3581 1117 3634 executionem
1130 3579 1278 3635 sententie

235 3659 460 3729 “inpraesenti
480 3662 597 3717 Stetuto
622 3670 725 3719 contre
751 3664 872 3719 vitiosos
899 3670 928 3719 et
948 3664 1110 3734 culpabiles
1128 3664 1197 3720 letae
1214 3680 1278 3735 pro-

235 3745 254 3768 “
274 3760 391 3798 cessum
409 3745 509 3813 fuerit,
530 3765 562 3802 se
580 3748 704 3802 monitos
722 3765 780 3802 non
797 3748 898 3804 fuisse.

351 3955 399 4022 De
417 3978 524 4044 poeue
547 3955 708 4023 Mulieris
731 3958 771 4024 dc
785 3959 956 4026 adulterio
978 3958 1168 4026 ³coeotcte.

272 4119 290 4142 “
310 4115 420 4170 Mulier
438 4123 537 4171 eutem
556 4134 622 4187 quee
642 4117 775 4172 convicte
792 4119 892 4184 fuerit,
912 4120 991 4189 quod
1008 4120 1144 4176 sacerdos
1155 4120 1204 4175 vel
1224 4118 1280 4173 cle-

235 4202 254 4225 “
274 4201 353 4256 ricus
372 4201 402 4255 in
421 4202 511 4258 sacris
539 4201 691 4257 ordinibus
722 4204 897 4259 constitutus
916 4222 981 4258 eum
1003 4205 1160 4262 carnaliter
1177 4221 1282 4275 cogno·

267 4464 446 4513 ¹iucontinene
467 4463 494 4514 in
515 4464 558 4516 the
581 4471 653 4526 text3
678 4479 732 4515 cor·
815 4463 1018 4516 ueteranum
1030 4466 1086 4518 MS.

232 4545 315 4593 rected
336 4543 362 4592 in
385 4543 428 4593 the
450 4545 558 4610 mugio,
581 4546 607 4595 in
629 4559 645 4594 e
669 4545 731 4595 later
815 4543 945 4597 loonoirta
955 4547 981 4596 in
992 4548 1048 4599 MS.

231 4622 304 4672 bend
