3022 5460
415 723 624 777 ucnssrssrr
648 721 767 775 suucu
791 725 942 797 unnim„
1127 708 1192 780 137

153 919 172 942 ‘⁴
192 933 304 972 corone
328 922 436 974 nostrae
461 915 575 972 illibato
598 931 652 985 pro
673 913 787 969 viribus
806 930 990 976 conservare,
1016 913 1072 969 tibi
1096 913 1193 985 prohi-
1240 920 1328 984 Hugh,

153 1004 171 1025 “
191 1001 293 1056 bemus
313 1001 368 1056 sub
386 1000 471 1072 gravi
483 999 669 1055 forisfactura
683 1003 791 1061 nostre,
805 997 930 1052 firmiter
948 996 1144 1068 injungentes,
1159 1014 1195 1050 ne
1253 987 1315 1036 2⁷th

153 1088 170 1110 “
193 1091 336 1156 praetextu
374 1085 499 1156 alicujus
535 1080 682 1153 citationis
714 1083 807 1145 scctae,
841 1099 895 1136 seu
925 1081 1075 1146 faciendos,
1108 1099 1196 1154 super
1236 1052 1329 1169 Affit‘

152 1176 170 1194 ⁸·
192 1170 360 1241 hujusmodi
382 1167 676 1240 transgressionibus,
697 1184 749 1223 seu
768 1165 845 1229 aliis,
867 1184 992 1238 quorum
1011 1166 1141 1238 cognitio
1160 1165 1197 1221 cd
1233 1156 1356 1236 labb-bt.

152 1257 170 1279 ¹‘
191 1272 243 1309 nos
256 1255 391 1326 pertinet,
412 1254 489 1309 sicut
507 1251 682 1323 praedictum
701 1256 755 1315 est,
777 1257 806 1305 te
830 1257 912 1306 extre
934 1250 1046 1306 dictum
1071 1269 1195 1322 reguum
1253 1279 1319 1291 --

152 1341 170 1362 ‘⁴
192 1338 229 1392 ad
246 1338 478 1411 respondendum
493 1337 560 1391 inde
577 1336 687 1391 ibidem
699 1337 877 1401 transferam
896 1353 950 1390 nec
966 1355 1019 1407 pro
1035 1343 1065 1391 te
1078 1354 1196 1408 respon·

153 1426 171 1446 '‘
193 1423 293 1485 solem,
316 1422 399 1476 nobis
423 1421 605 1484 inconsultis,
632 1420 780 1475 destinare
805 1437 988 1491 praesumem
1024 1420 1118 1475 sciens
1143 1438 1196 1491 pro

153 1511 170 1529 ‘¹
192 1512 272 1561 certo
295 1506 370 1576 quod
389 1505 414 1560 si
440 1523 524 1561 secus
549 1505 663 1570 feceris,
692 1504 728 1558 ud
752 1504 790 1568 te,
812 1511 952 1575 tunquam
970 1504 1008 1559 sd
1024 1506 1196 1560 violatorem

152 1593 170 1614 “
193 1596 222 1644 et
239 1590 473 1662 impugnatorem
489 1588 603 1660 jurium
615 1595 790 1651 nostrorum,
812 1588 943 1658 graviter
956 1590 1122 1660 cupiemus3
1142 1607 1194 1644 nos

149 1678 167 1698 '⁶
190 1674 267 1728 cuim
286 1691 372 1745 super
389 1672 557 1744 hujusmodi
570 1673 864 1743 transgressionibus,
885 1673 961 1727 infra
979 1691 1104 1745 regnum
1128 1692 1194 1729 uos-

150 1760 169 1782 “
190 1765 268 1811 trum
280 1757 464 1829 perpetretis,
483 1757 578 1828 parati
597 1775 699 1812 sumus
720 1757 854 1812 omnibus
867 1759 1006 1827 conqueri
1019 1758 1194 1823 volentibus,

151 1847 170 1867 ¹‘
190 1843 221 1896 in
239 1842 341 1896 codem
358 1860 450 1913 regno
469 1841 598 1897 debitum
613 1841 762 1911 justitiam
781 1841 949 1896 exhibere.''

195 1960 268 2041 Quo
284 1960 417 2045 quidem
438 1959 532 2025 brevi
551 1960 621 2025 viso
642 1983 680 2024 ac
703 1959 795 2033 lecto,
818 1960 1054 2026 nonobstante
1075 1963 1196 2039 eodem,
1210 1977 1265 2028 The
1277 1977 1364 2029 Abbot

151 2064 271 2140 Abbas,
307 2085 380 2128 oum
413 2062 539 2127 familie
570 2084 638 2138 sua,
673 2085 787 2127 versus
821 2085 910 2127 mare
945 2086 1048 2151 usque
1082 2066 1195 2130 villam
1210 2047 1364 2173 mm

151 2166 304 2232 Doveriae
327 2167 442 2232 ecdem
478 2166 532 2231 die
564 2165 630 2229 iter
661 2187 756 2248 suum
790 2165 940 2252 arripuit,
972 2174 1006 2232 et
1040 2190 1112 2232 eam
1147 2169 1197 2232 in·
1210 2179 1356 2256 messend-

149 2290 280 2356 gressus
302 2275 359 2335 est.
871 2351 873 2356 η
1210 2245 1320 2377 ’ἓξὲξ

1212 2378 1273 2429 tion.

150 2541 353 2610 Proteeictc'c
381 2541 544 2630 predicti
576 2541 728 2622 Aetatis,
754 2543 794 2608 dc
824 2541 983 2630 parendo
1015 2542 1200 2610 'mandato

216 2645 387 2713 ²Domc'nc'
409 2646 525 2731 Pcpae,
549 2643 625 2711 nisi
647 2652 740 2711 metu
762 2645 883 2711 coortis
904 2643 1139 2732 mpediretur.

198 2804 239 2870 In
270 2803 414 2871 crastino
445 2827 533 2882 vero,
556 2803 616 2869 ³id
647 2810 705 2882 est,
730 2805 783 2869 die
807 2804 949 2882 Peschae,
980 2804 1100 2882 Abbas,
1132 2806 1199 2892 pri·
1211 2812 1253 2864 He
1264 2815 1367 2866 mnes

151 2907 257 2972 mitus
278 2908 396 2972 audita
418 2907 522 2972 Misso
545 2907 585 2972 de
608 2901 687 2984 die,
705 2929 779 2972 cum
806 2906 934 2973 familie
957 2929 1024 2985 suc,
1057 2879 1368 2999 videnti-3322&

149 3010 213 3076 bus
236 3010 275 3075 de
301 3011 481 3096 provincia,
503 3032 617 3074 versus
647 3031 736 3074 mere
764 3031 797 3074 se
827 3009 980 3096 peravit3
1010 3013 1044 3075 et
1066 3011 1360 3077 mcesscwembarb

150 3113 195 3179 ad
226 3112 316 3178 illud.
364 3113 514 3198 Cumque
544 3118 649 3179 staret
679 3113 794 3177 Abbns
820 3114 856 3176 in
879 3112 993 3178 littore
1024 3112 1133 3193 maris,
1156 3080 1340 3199 edffiffie

150 3215 235 3281 illud
264 3215 467 3294 intrandum,
493 3221 527 3279 et
558 3214 622 3279 duo
645 3214 780 3299 ⁴bajuli,
806 3214 850 3278 ud
880 3215 1022 3281 invicem
1046 3215 1201 3281 tollentes
1213 3215 1243 3264 οἵ
1256 3214 1345 3265 Dover

150 3340 227 3384 euru
257 3318 346 3383 inter
376 3318 470 3382 ulnas
501 3339 585 3393 suas,
609 3317 651 3381 od
677 3317 879 3403 portandum
903 3341 978 3384 eum
1006 3319 1049 3383 ad
1080 3341 1200 3385 novem
1213 3280 1350 3402 mm

150 3425 232 3486 tunc
262 3419 385 3485 ibidem
418 3425 568 3505 paratam
602 3419 644 3483 ud
679 3441 769 3485 marc
794 3421 1087 3501 transfretandum,
1111 3443 1201 3488 secus

149 3520 248 3588 littus
270 3521 355 3587 illud
378 3523 612 3608 naviga-utem
635 3524 838 3609 supervenit,
863 3523 978 3588 multis
1000 3523 1201 3604 videntibus

150 3626 286 3714 quidem
316 3625 480 3690 Robertus
511 3626 551 3690 de
575 3625 690 3702 Ponte,
723 3626 1069 3691 Sub-constabularius
1093 3627 1201 3692 (lustri

151 3734 187 3794 et
214 3728 333 3794 Portus
364 3727 528 3807 Doveriae,
553 3735 587 3793 et
618 3750 690 3792 cum
716 3751 754 3794 eo
786 3729 843 3792 alii
875 3728 1065 3807 servientes
1103 3730 1202 3816 Regis

151 3831 280 3897 olavum
304 3830 497 3896 deferentes,

199 3932 263 4014 Qui
298 3933 431 4019 quidem
465 3932 816 3998 Sub-constabularius
855 3934 981 4000 dictum
1020 3934 1201 4000 Dominum
1214 3949 1343 4001 Tthub·

152 4036 318 4103 Abbetem
342 4036 466 4112 stetim,
492 4036 526 4099 in
545 4042 720 4122 conspectu
743 4036 925 4102 multorum
947 4037 1116 4102 hominum
1140 4038 1200 4102 ibi·
1214 4018 1341 4066 ⁰⁰⁰⁸²²b¹⁰

164 4233 261 4242 ,μί-,-
301 4233 308 4237 ,
328 4230 822 4238 ..-.-......-—..-.-—--—-—-...-.-—.-.-
831 4232 902 4239 -.-«...
927 4235 929 4238 ,
954 4235 956 4238 .

189 4350 520 4409 Ιηιαιιάαειυηίιιῑὴεωκῐς
544 4352 654 4400 botcor-
678 4358 680 4367 ’
735 4352 743 4383 ‘¹
755 4352 817 4401 This
838 4353 946 4402 wordis
968 4353 1062 4402 blotted
1085 4355 1135 4402 and
1157 4353 1200 4402 de-

153 4432 238 4481 rected
249 4429 275 4480 in
286 4431 329 4480 the
340 4429 447 4495 margin,
455 4430 483 4479 in
490 4445 505 4478 s
512 4430 574 4478 later
581 4429 655 4479 hund.
678 4378 681 4469 l
700 4428 771 4478 fuced
782 4448 789 4486 ς
807 4426 827 4476 it
838 4428 884 4479 hes
895 4429 1032 4479 somewbst
1042 4429 1085 4478 the
1096 4444 1199 4492 appear·

190 4513 295 4565 ²Tbese
317 4520 368 4564 tvo
398 4514 479 4563 words
499 4513 563 4562 have
593 4514 655 4563 been
701 4524 763 4558 auce
779 4506 809 4555 cs
831 4505 917 4566 batilli,
944 4507 1050 4571 perhaps
1078 4507 1199 4573 meaning

155 4593 293 4660 purpowly
304 4593 494 4658 timostvholly
501 4592 656 4644 obliterated.
701 4592 715 4616 ‘⁴
725 4586 865 4638 botonenJ’

188 4671 247 4722 ³·i·
263 4672 359 4725 inus.
