3038 5452
229 678 296 742 tao
621 692 797 740 arammrx
822 677 882 761 (a)

236 882 254 906 ·‘
274 879 321 933 vel
339 878 491 934 denarium
509 894 562 949 pro
581 879 689 942 eadem,
710 885 739 932 et
756 878 873 932 obolum
890 895 981 932 unum
1000 879 1052 949 qui
1069 879 1179 934 dicitur
1205 877 1274 934 ‘Ca-

233 966 252 988 “
274 963 389 1018 ‘ritas’
408 963 561 1033 hospitalis
592 963 733 1032 praedicti.
774 963 861 1026 Item,
887 962 1010 1032 recipiat
1035 962 1161 1033 quilibet
1187 962 1275 1018 irater

231 1049 249 1072 “
268 1046 404 1117 leprosus
435 1047 473 1100 ad
503 1047 624 1101 Festum
650 1046 764 1101 Natalis
790 1046 908 1100 Domini
936 1045 1133 1117 quadraginta
1155 1046 1273 1117 lagenas

232 1134 250 1156 ‘⁶
270 1131 401 1185 cervisia
419 1131 511 1193 bonae,
530 1130 577 1184 vel
597 1130 790 1201 quadraginta
807 1129 940 1185 denarios
958 1147 1012 1201 pro
1029 1130 1151 1184 eisdem.
1188 1131 1271 1193 Item,

229 1214 393 1285 “quilibet
422 1213 541 1268 habebit
566 1214 595 1267 in
621 1214 699 1269 dicto
718 1215 792 1269 festo
810 1219 924 1286 partem
950 1213 1069 1268 virilem
1095 1214 1134 1268 de
1162 1213 1272 1269 duobus

229 1300 247 1323 ‘⁴
268 1298 422 1368 quarteriis
443 1298 581 1351 frumenti
606 1298 673 1368 puri
701 1303 731 1352 et
757 1297 868 1362 mnndi,
891 1315 957 1368 quae
986 1297 1114 1368 ‘Magna
1140 1298 1272 1353 Caritas’

228 1384 247 1406 “
266 1391 460 1453 nuncupatur.
499 1381 585 1444 Item,
605 1382 642 1435 ad
668 1382 789 1437 Festum
816 1380 915 1437 Sancti
941 1380 1063 1436 Martini
1090 1382 1211 1436 habebit
1233 1382 1272 1436 le·

228 1468 247 1492 “
267 1482 371 1537 prosus
391 1464 514 1534 quilibet
532 1481 654 1534 porcum
673 1484 773 1529 unum,
793 1465 830 1520 de
849 1471 948 1521 stauro
975 1465 1134 1519 communi.
1173 1465 1213 1520 Et
1236 1473 1269 1521 ut

228 1552 247 1576 “
266 1550 344 1603 inter
362 1548 467 1603 iratres
485 1547 522 1601 de
540 1549 637 1619 porcis
663 1548 769 1603 divisio
795 1567 879 1620 aequa
903 1550 963 1613 fiat,
980 1550 1065 1619 juxta
1091 1549 1214 1603 modum
1239 1550 1267 1603 in

228 1637 247 1660 “
267 1633 321 1688 hoo
336 1632 497 1702 antiquitus
510 1633 706 1697 observatum,
720 1633 855 1688 volumus
873 1633 951 1705 quod
968 1634 1059 1704 porci,
1074 1633 1162 1703 juxta
1173 1651 1272 1688 nume-

228 1721 246 1744 “
265 1735 331 1772 rum
353 1717 479 1772 fratrum
503 1715 695 1787 leprosorum,
716 1717 747 1770 in
765 1734 866 1771 eorum
895 1717 1052 1789 praesentia
1078 1716 1271 1783 adducantur,

227 1804 245 1828 ‘⁴
266 1802 292 1856 si
310 1801 460 1857 commode
478 1801 533 1855 hoc
552 1800 616 1854 fieri
634 1801 756 1871 poterit,
785 1800 914 1871 alioquin
942 1802 973 1855 in
998 1802 1061 1855 loco
1080 1801 1140 1855 alio
1159 1801 1197 1855 ad
1220 1802 1272 1857 hoc

227 1891 245 1911 ‘⁶
265 1892 348 1956 apto;
369 1890 400 1939 et
410 1885 522 1938 ibidem
535 1884 660 1955 quilibet
672 1902 783 1948 eorum,
798 1885 958 1940 secundum
970 1885 1155 1955 prioritatem
1168 1892 1198 1940 ct
1210 1904 1273 1957 pos·

227 1972 245 1996 ‘⁴
264 1969 458 2025 terioritatem
472 1986 530 2039 qua
542 1969 694 2039 ingressus
708 1970 799 2023 fuerit
810 1969 964 2040 hospitale,
977 1969 1034 2023 sibi
1047 1969 1141 2039 eligat
1152 1988 1272 2040 porcum

227 2057 246 2081 “
265 2071 365 2108 unum.
404 2053 437 2108 Si
462 2069 533 2107 vero
554 2052 591 2106 ad
611 2053 708 2123 ipsum
727 2053 871 2123 hospitale
890 2054 971 2124 porci
995 2070 1051 2106 uon
1072 2054 1186 2108 fuerint
1208 2072 1273 2125 par-

227 2140 246 2164 “
266 2137 402 2200 tinentea
422 2143 491 2191 tuno
520 2137 551 2190 in
573 2137 651 2192 dicto
673 2138 749 2191 festo
770 2137 892 2192 cuilibet
909 2137 992 2191 fratri
1020 2137 1137 2208 leproso
1162 2138 1199 2193 de
1217 2157 1273 2193 una

226 2225 245 2248 “
265 2227 345 2276 certa
365 2238 480 2274 summa
497 2221 629 2291 pecuniae
651 2239 705 2291 pro
724 2221 821 2292 porcis
842 2221 968 2291 singulis
989 2221 1123 2285 satisfiat,
1137 2229 1226 2292 prout
1237 2222 1272 2276 de

226 2308 244 2332 ‘⁶
264 2304 329 2375 ipsa
347 2322 462 2359 summa
481 2304 517 2357 de
537 2305 685 2358 communi
704 2304 827 2359 consilio
843 2305 984 2376 Magistri
1000 2311 1030 2359 et
1041 2306 1168 2359 fratrum
1180 2306 1272 2378 lepro-

226 2393 245 2416 ·‘
265 2394 416 2452 serumst
435 2386 661 2458 capellanorum,
675 2388 723 2442 vel
742 2388 863 2458 majoris
884 2389 978 2460 partis
992 2387 1161 2452 eorundem,
1174 2390 1270 2453 fuerit,

227 2476 245 2503 ‘⁴
266 2472 429 2528 secundum
454 2489 515 2526 suia
532 2472 622 2541 justae
647 2471 890 2526 considerationis
912 2471 1075 2534 arbitrium,
1089 2472 1273 2528 concorditer

227 2559 245 2583 ⁴⁶
266 2556 442 2611 ordinatum.
481 2555 569 2619 Item,
590 2555 696 2609 habeat
717 2556 842 2625 quilibet
865 2557 955 2610 srator
976 2556 1110 2626 leprosus
1129 2556 1161 2610 in
1186 2556 1272 2613 Festo

226 2643 244 2668 “
266 2640 364 2696 Sancti
383 2639 545 2703 Valentini,
569 2645 702 2710 prototo
721 2658 795 2694 anno
817 2645 967 2710 sequente,
980 2658 1071 2693 unum
1092 2642 1272 2711 quarterium

227 2728 245 2752 “
265 2741 433 2779 avenarum.
472 2723 559 2786 Item,
580 2724 611 2778 in
631 2724 747 2794 hyeme,
762 2724 809 2778 vel
832 2723 1071 2794 Quadragesima,
1095 2743 1187 2779 unum
1206 2727 1273 2781 bus·

229 2812 248 2836 “
268 2808 375 2864 sellum
395 2807 538 2871 fabarum,
561 2813 591 2862 et
612 2806 723 2862 ¹alium
742 2807 904 2863 bussellum
923 2809 1063 2878 pisarum,
1078 2827 1131 2879 pro
1144 2811 1270 2881 potagio.

227 2896 247 2920 “
267 2893 353 2956 Item,
376 2892 455 2946 circa
475 2891 598 2946 Festum
617 2891 732 2946 Natalis
753 2892 852 2946 Sancti
868 2892 1009 2946 Iohannis
1026 2893 1179 2963 Baptistae,
1200 2894 1271 2949 duos

227 2981 245 3003 “
266 2977 409 3032 bussellos
435 2976 515 3037 salis,
538 2976 587 3030 vel
611 2993 730 3030 currens
760 2977 888 3046 pretium
913 2977 1080 3031 eorundem.
1131 2977 1220 3041 Item,
1242 2979 1270 3033 iu

225 3061 352 3117 “Festo
375 3061 475 3115 Sancti
497 3060 619 3123 Juliani,
645 3078 735 3115 unum
760 3061 920 3125 denarium,
943 3067 973 3114 et
999 3062 1030 3114 in
1060 3061 1150 3115 Festo
1173 3062 1270 3117 Sancti

226 3150 243 3172 “
263 3145 380 3208 Albani,
405 3162 494 3198 unum
515 3144 677 3208 denarium,
699 3163 753 3214 pro
777 3145 905 3215 pitancia
929 3150 1076 3200 consueta.
1128 3144 1215 3208 Item,
1240 3146 1269 3200 in

225 3232 243 3256 ‘⁴
264 3230 311 3283 die
331 3229 461 3291 Pascha),
477 3246 569 3281 unum
591 3228 751 3292 denarium,
779 3227 830 3297 qui
849 3228 927 3298 apud
948 3246 995 3282 eos
1019 3228 1270 3300 ‘Flaroenespeay’

225 3319 243 3339 ‘⁶
262 3314 439 3367 nominatur.
478 3313 563 3375 Item,
578 3313 608 3365 in
627 3311 673 3364 die
692 3312 882 3367 Ascensionis
895 3312 1023 3375 Domini,
1038 3312 1157 3367 obolum
1169 3332 1267 3377 unum,

225 3403 242 3423 ‘⁶
263 3415 316 3469 pro
339 3397 406 3451 ollis
419 3396 507 3450 luteis
528 3395 584 3449 sibi
602 3396 741 3450 emendis.
779 3395 867 3461 Itom,
881 3396 912 3450 in
924 3397 972 3450 die
991 3396 1096 3450 Martis
1109 3397 1141 3450 in
1154 3396 1269 3451 Carnis·

224 3484 242 3507 ‘⁴
262 3481 366 3551 privio,
387 3480 510 3534 farinam
528 3480 712 3535 bultellatam
728 3480 865 3550 ponderis
878 3481 965 3534 unius
984 3481 1044 3534 albi
1061 3480 1146 3550 panis
1159 3499 1268 3535 eornm.

226 3568 244 3590 “
265 3564 352 3626 Item,
374 3564 404 3617 in
426 3564 513 3619 Festo
538 3563 639 3618 Sancti
667 3564 809 3619 Iohannis
834 3565 987 3635 Baptista,
1010 3570 1136 3634 quatuor
1162 3565 1269 3620 solidos

226 3651 317 3720 “pro
339 3653 468 3702 vestura.
519 3647 605 3711 Item,
620 3648 651 3701 in
672 3647 761 3702 Festo
781 3648 896 3703 Natalis
914 3648 1034 3702 Domini
1055 3648 1269 3703 distribuantur

224 3736 242 3758 ¹⁶
263 3733 339 3787 inter
357 3733 463 3785 fratres
482 3732 612 3803 leprosos
632 3732 853 3803 quatuordecim
872 3732 958 3786 solidi
971 3733 1063 3804 aequis
1076 3733 1268 3804 portionibus,

223 3821 241 3844 “
261 3834 314 3889 pro
331 3816 419 3871 foculi
439 3833 541 3869 corum
559 3816 694 3880 annuali,
715 3817 793 3871 sicut
810 3817 887 3871 inter
905 3816 1023 3870 eosdem
1041 3817 1147 3871 fratres
1167 3818 1203 3871 ab
1222 3836 1269 3872 an·

222 3905 239 3929 ‘⁴
259 3903 343 3973 tiquo
360 3918 413 3972 pro
432 3901 506 3954 bono
528 3901 608 3971 pacis
627 3905 657 3953 ot
674 3901 835 3955 concordia
854 3900 951 3954 extitit
968 3900 1145 3955 ordinatum.
1183 3903 1269 3967 Item,

224 3990 242 4012 “
264 3986 334 4056 quia
351 4004 386 4040 ex
405 3985 590 4055 eleemosyna
601 3984 720 4038 Domini
733 3985 825 4054 Regis
844 3985 966 4055 triginta
987 3986 1073 4039 solidi
1092 3993 1121 4040 et
1140 3988 1269 4058 quinque

224 4071 375 4125 “denarii
406 4071 545 4124 fratribus
575 4069 699 4139 leprosis
738 4069 797 4124 sint
832 4076 972 4140 perpetuo
1009 4071 1161 4140 assignati,
1195 4090 1268 4142 quos

227 4157 245 4180 “
265 4154 437 4210 Vicecomes
455 4153 634 4208 Hertfordim
654 4153 691 4207 ad
709 4153 797 4208 Festa
815 4153 934 4208 Paschae
953 4160 983 4208 et
1000 4154 1156 4209 Michaelis
1180 4156 1270 4212 habet

222 4241 241 4264 “
264 4239 377 4293 solvero
409 4238 575 4302 annuatim;
614 4237 769 4291 statuimus
804 4237 881 4308 quod
911 4236 983 4291 dicti
1020 4237 1145 4306 triginta
1180 4240 1268 4294 solidi

221 4324 239 4347 ‘⁴
260 4328 289 4376 et
316 4322 444 4392 quinque
472 4321 584 4376 dena-rii
611 4321 687 4375 inter
715 4320 807 4374 dictos
836 4322 940 4374 fratres
965 4320 1096 4391 leprosos
1114 4324 1270 4393 aequaliter

223 4410 240 4431 ‘⁶
261 4424 341 4460 more
361 4407 445 4461 solito
463 4407 640 4461 dividantur.
678 4405 811 4459 Proefatis
830 4422 899 4457 voro
918 4403 1181 4470 distributionibus,
1203 4426 1268 4477 quae

647 4621 653 4652 ¹
666 4620 735 4670 aliod
744 4621 770 4670 in
783 4621 838 4671 MS.
