3038 5452
326 675 390 740 158
701 687 808 738 omri
831 685 994 736 ssssuou

192 869 280 937 Hugh»
327 878 346 900 ‘¹
364 892 435 945 pore
460 875 648 930 confectionis
677 875 823 930 dictorum
853 874 1029 938 ohummm,
1060 873 1152 928 donec
1178 889 1232 943 per·
1261 870 1376 926 dietum

187 938 275 1053 ‘5²th
327 961 345 984 “
364 959 509 1015 Abbstem
521 967 552 1015 et
560 958 806 1031 predecessorem
819 977 905 1014 suum
920 960 1087 1030 proximum
1098 958 1216 1013 fuerent
1225 955 1375 1027 impediti,

205 1040 283 1119 AD]
327 1045 346 1068 ‘⁴
365 1050 399 1099 ut
423 1050 548 1099 testetur
574 1045 676 1100 obertu
700 1044 854 1108 libertatis,
882 1051 912 1099 et
938 1043 1057 1115 quidum
1079 1042 1155 1098 liber
1178 1042 1209 1096 iu
1235 1039 1377 1096 Tresoris

176 1140 297 1185 laos-26.
328 1128 346 1151 “
366 1125 468 1198 Regis,
489 1127 540 1199 qui
558 1134 679 1182 vocatur
690 1127 817 1200 Anglice
832 1127 1036 1197 ‘Domueduy.’

363 1213 382 1236 “
401 1210 487 1275 Item,
508 1218 643 1282 quaeruut
655 1211 732 1283 quod
748 1211 838 1266 liceat
862 1212 905 1265 eis
927 1211 1057 1266 homines
1083 1210 1204 1281 eligere,
1223 1208 1374 1272 videlicet,

368 1300 440 1355 duos
454 1301 627 1371 burgenses,
648 1301 788 1355 electione
806 1301 933 1372 propris,
955 1300 1080 1355 adeundi
1093 1300 1191 1372 gretie
1209 1298 1247 1353 ud
1263 1297 1377 1353 Perlis·

365 1391 464 1441 ments
480 1386 566 1456 regni
586 1403 639 1455 pro
658 1384 736 1440 dicte
754 1384 836 1448 ville,
850 1383 1010 1439 secuudum
1028 1384 1193 1439 libertatem
1207 1382 1260 1437 elii
1279 1382 1376 1453 burgo

327 1478 345 1499 “
365 1491 552 1538 concessum
591 1474 669 1527 sicut
687 1473 733 1527 usi
753 1479 821 1527 sunt
839 1472 1018 1544 temporibus
1036 1473 1200 1528 retroactis.
1320 1474 1323 1479 '

361 1561 378 1583 “
397 1557 482 1621 Item,
498 1557 576 1628 quod
593 1557 681 1613 liceat
699 1557 742 1611 eis
760 1555 936 1627 respondere
955 1556 986 1611 iu
999 1556 1018 1610 J
1020 1557 1131 1611 ustitiis
1150 1554 1374 1620 Itinersmtibus,

326 1646 343 1667 ‘⁴
363 1647 393 1695 et
417 1641 550 1695 omuibus
575 1640 642 1695 eliis
661 1640 899 1711 inquisitionibus
925 1646 954 1694 et
983 1640 1110 1712 placitis,
1136 1657 1189 1711 per
1218 1637 1376 1694 duodecim

325 1726 344 1750 “
364 1724 525 1795 burgenses
544 1725 629 1780 dictas
647 1724 737 1788 villae,
752 1725 814 1779 sine
833 1724 1037 1779 commixtione
1055 1724 1268 1778 forinsecorum
1274 1746 1283 1787 ;
1298 1723 1377 1778 sicut

326 1810 345 1835 “
365 1809 413 1862 nsi
433 1814 501 1863 suut
518 1815 650 1880 tempore
667 1815 823 1864 retroacto.

360 1896 379 1920 “
400 1894 486 1956 Item,
507 1895 585 1964 quod
605 1894 699 1949 assisa
719 1893 803 1963 penis
821 1898 851 1947 et
868 1892 1001 1947 eervisiae
1020 1892 1107 1947 diotre
1124 1891 1205 1947 villae
1216 1891 1254 1946 de
1267 1896 1375 1948 eoetero

325 1981 344 2003 “
363 1995 416 2049 per
429 1977 584 2033 duodecim
602 1978 765 2048 burgenses
781 1977 896 2048 juratos
909 1975 1102 2042 custodiatur,
1122 1977 1199 2032 siout
1210 1975 1375 2046 antiquitus

325 2063 343 2086 “
363 2063 525 2116 consuevit.

361 2148 380 2172 “
395 2146 483 2210 Item,
520 2145 599 2215 quod
628 2145 754 2198 habeant
781 2141 953 2199 ιοοιιιιιιιιῐιο
972 2144 1002 2198 in
1029 2144 1128 2206 terris,
1150 2142 1257 2207 boscis,
1277 2142 1374 2215 equis,

325 2232 344 2254 “
364 2230 510 2299 piscariis,
540 2235 569 2282 et
597 2228 664 2282 aliis
683 2228 948 2291 commoditatibus,
976 2229 1055 2283 sicut
1082 2228 1249 2281 continetur
1267 2227 1299 2280 in
1317 2227 1375 2282 Do-

324 2316 343 2339 “
362 2312 505 2381 muudum
536 2318 566 2366 et
596 2313 673 2366 sicut
703 2312 866 2382 antiquitus
891 2312 998 2366 hebere
1024 2312 1156 2366 solebant
1178 2328 1231 2381 per
1255 2310 1374 2366 eusdem

324 2396 522 2451 “libertates

360 2486 378 2507 “
393 2482 479 2545 Item,
498 2482 575 2553 quod
592 2482 682 2536 liceat
699 2482 742 2536 eis
760 2482 868 2537 hebere
887 2482 979 2536 moles
997 2481 1158 2545 manuales,
1172 2481 1251 2536 sicut
1263 2480 1373 2537 habere

325 2570 343 2593 “
363 2566 511 2631 solebant3
549 2573 579 2622 et
604 2566 683 2638 quod
710 2566 752 2620 cis
773 2566 843 2620 fient
861 2565 991 2620 emendes
1017 2565 1053 2618 de
1083 2564 1208 2631 demnis,
1232 2582 1298 2636 quse
1317 2582 1371 2636 per

325 2652 344 2676 “
362 2649 531 2720 hujusmodi
550 2651 752 2704 sustinuerunt
770 2649 926 2703 delectum.

361 2734 475 2797 “ltem,
502 2734 580 2804 quod
611 2733 739 2788 ballivus
769 2733 848 2787 villus
880 2733 979 2787 Sancti
998 2731 1106 2786 Albsni
1133 2733 1252 2802 juretus
1283 2733 1374 2788 faciet

326 2820 345 2843 “
364 2835 463 2872 omnes
491 2817 675 2872 executiones
700 2816 787 2871 dictur
811 2815 891 2871 villae
924 2817 960 2870 de
991 2822 1107 2879 caetero,
1140 2816 1251 2887 ubsque
1282 2817 1373 2871 inter·

326 2903 344 2927 ‘⁴
363 2902 507 2972 positione
526 2900 629 2957 ballivi
647 2900 803 2966 libertatis,
822 2901 871 2954 vel
890 2899 1015 2968 alicujus
1034 2900 1187 2955 ulterius.”

157 3048 310 3101 Thenbbot
368 3043 544 3119 Exhibitis,
581 3049 621 3107 ut
658 3042 789 3129 praefuti
827 3065 947 3122 sumus,
985 3041 1131 3107 articulis
1168 3043 1203 3106 in
1234 3041 1372 3107 Octavis

156 3116 253 3232 232³„
325 3145 454 3211 Sanctae
485 3146 627 3232 Agnetis
664 3145 820 3232 Virginis,
855 3145 936 3209 horu
967 3143 1033 3208 diei
1063 3144 1156 3229 quasi
1186 3144 1301 3230 prims,
1334 3145 1371 3209 in

156 3248 393 3378 :ghrffissfltioloco
425 3249 638 3328 Consistorii3
673 3249 715 3311 ab
752 3248 893 3325 Abbate,
917 3253 951 3311 et
984 3268 1042 3311 suo
1074 3247 1217 3323 consilio,
1241 3246 1372 3334 singula

155 3379 236 3439 tione,
323 3350 460 3435 singulis
483 3351 628 3415 articulis
651 3351 751 3414 verbo
775 3355 872 3414 tenus
895 3350 975 3414 datu
997 3355 1074 3413 sunt
1097 3371 1258 3435 responsu
1306 3348 1372 3414 Sed

156 3445 309 3561 Rem}
324 3452 402 3536 quis
439 3474 505 3516 non
539 3451 775 3537 redigebantur
811 3452 847 3513 in
885 3452 1024 3538 scriptis,
1063 3456 1163 3538 prout
1193 3451 1369 3539 petierunt,

155 3593 213 3627 men
227 3552 490 3643 rung-,indignati
512 3553 631 3617 villani
653 3558 862 3617 recesserunt.

154 3645 245 3709 nsntly

155 3710 293 3762 withdraw.

158 1231 270 1320 men}
277 1269 307 1318 of
327 1303 346 1326 „

158 1338 202 1386 the
216 1335 312 1386 Abbot.
327 1388 345 1411 u

325 3796 461 3865 Obsidio
483 3804 513 3863 et
542 3795 697 3862 insultus
719 3795 895 3861 Abbattroe
925 3796 1045 3862 Sancti
1067 3795 1199 3862 Alborri
1218 3818 1282 3883 per
1305 3796 1371 3863 uile

698 3899 795 3964 lutros
817 3898 952 3964 ibidem.

154 4063 307 4116 Thetowns-
367 4057 460 4123 Horu
475 4055 578 4142 igitur
593 4056 657 4120 diei
682 4056 775 4140 quusi
798 4061 892 4121 sexte
914 4054 1084 4119 furibundi
1107 4054 1149 4119 od
1172 4077 1264 4119 arms
1285 4078 1370 4120 uns·

153 4142 307 4262 ffiffioffi’
320 4160 456 4225 miniter
493 4158 691 4237 convolsut3
735 4158 939 4222 Abbathism
973 4157 1175 4222 unanimiter
1211 4158 1369 4224 invadere

153 4267 296 4318 mestuus
320 4263 498 4329 molientes.
547 4258 1007 4348 Itaque-²“Oongregentes
1041 4261 1252 4347 iniquitatem
1278 4262 1369 4341 sibi,''

320 4371 391 4432 tem
413 4366 539 4452 equites
562 4386 663 4511 guum
685 4365 820 4450 pedites,
837 4365 873 4428 in
895 4385 990 4429 voces
1005 4368 1040 4429 et
1055 4364 1210 4429 clamores
1233 4365 1369 4430 hostiles

358 4602 366 4633 ¹
378 4619 475 4651 comune
486 4601 512 4651 iu
522 4601 577 4652 Ms.
858 4599 864 4668 Ι
911 4599 922 4631 ²
934 4599 1016 4648 Psubn
1027 4601 1072 4650 xli.
1085 4607 1107 4648 6.
