3038 5452
730 731 907 781 mannus
929 716 991 801 (a)

657 953 706 1018 De
722 951 844 1035 sicilia
865 951 913 1016 uel
937 949 1077 1018 Causas

372 1091 390 1115 ‘⁴
409 1087 550 1158 Sigillum
567 1106 701 1160 parvum,
722 1089 801 1159 quod
819 1088 929 1144 dieitur
954 1091 962 1114 ‘
977 1087 1121 1160 Sigillum
1146 1087 1185 1142 ad
1203 1086 1343 1155 ΟΜΝ]
1363 1092 1396 1146 in

339 1175 359 1198 ‘⁴
378 1172 512 1226 custodia
529 1173 569 1227 sit
587 1173 742 1244 Magistri;
768 1172 848 1243 quod
865 1171 1049 1227 solummodo
1074 1172 1106 1225 in
1131 1170 1254 1237 litteris,
1275 1177 1401 1244 acquie-

339 1258 362 1364 ’δ”
379 1255 552 1393 fflffi„
560 1257 665 1319 soluto,
691 1256 776 1310 fidem
797 1258 894 1311 iacere
917 1255 1066 1319 volumus,
1084 1261 1117 1309 et
1138 1254 1250 1310 habere
1274 1258 1398 1314 roboris

450 1551 499 1615 De
521 1550 724 1616 ,sceneca
744 1573 807 1635 per·
830 1550 1041 1636 Magistrum
1060 1552 1269 1636 proeswado.

377 1696 395 1718 “
417 1691 580 1746 Statnimus
611 1691 689 1761 quod
720 1692 821 1755 irater,
853 1698 1010 1763 postquam
1040 1692 1197 1764 prefectus
1227 1693 1331 1755 fuerit,
1361 1698 1396 1746 nt

341 1777 360 1800 “
380 1774 561 1846 predicitur,
574 1775 604 1828 in
622 1774 812 1844 Magistrum,
826 1782 984 1845 antequam
996 1775 1033 1829 de
1050 1775 1134 1829 bonis
1147 1774 1222 1830 dicti
1238 1775 1398 1846 hospitalis

342 1862 361 1886 “
381 1877 413 1914 se
440 1857 659 1929 quomodolibet
684 1859 859 1930 interponat,
880 1867 1001 1930 praestet
1022 1877 1121 1914 coram
1144 1860 1230 1914 nobis
1256 1859 1304 1915 vel
1333 1876 1398 1914 suc·

342 1948 361 1972 ‘⁶
381 1945 546 2000 censoribus
574 1945 693 2008 nostris,
713 1954 765 1999 aut
782 1945 996 2000 Archidiacono
1014 1952 1124 2010 nostro,
1144 1964 1180 2001 ac
1204 1946 1349 2001 fratribus
1367 1952 1397 2000 et

343 2031 362 2056 “
383 2029 517 2092 testibus,
532 2030 563 2082 in
581 2028 676 2082 forma
688 2046 754 2099 quae
775 2029 918 2100 sequitur,
935 2032 1153 2099 jurameutum:
1174 2030 1255 2100 quod
1267 2030 1395 2100 quidem,

343 2114 362 2138 ‘¹
382 2118 500 2184 proptor
528 2112 636 2166 irenes
659 2111 801 2182 leprosos,
822 2119 853 2167 et
875 2112 966 2167 laicos
993 2113 1092 2169 forsan
1115 2120 1218 2178 testes,
1238 2121 1396 2185 antequam

343 2199 362 2221 “
382 2203 548 2266 praestetur,
568 2195 672 2265 exponi
691 2195 827 2252 volumus
847 2196 877 2249 in
895 2197 1062 2266 vulgari.—

663 2412 713 2476 De
730 2411 850 2496 scruta
871 2411 1083 2477 Juruuwati.

381 2543 400 2567 “
420 2540 494 2610 Ego,
516 2539 619 2593 Frater
639 2538 681 2602 S,
703 2538 879 2609 capellanus
901 2537 1067 2608 Hospitalis
1089 2536 1190 2592 Sancti
1209 2536 1229 2591 J
1232 2535 1335 2599 uliaui,
1349 2532 1398 2589 cui

345 2622 365 2648 ‘¹
383 2640 436 2693 per
449 2621 648 2676 venerabilem
661 2621 791 2685 Patrem,
806 2620 965 2675 Dominum
983 2620 1037 2686 M,
1058 2620 1115 2675 Dei
1127 2621 1236 2690 mua,
1250 2620 1398 2674 Abbatem

346 2706 365 2731 “
384 2705 557 2760 Monasterii
585 2703 686 2759 Sancti
715 2703 833 2767 Albani,
864 2703 934 2758 dicti
962 2702 1117 2774 hospitalis
1145 2703 1323 2774 gubernatio
1352 2706 1400 2756 est

345 2790 365 2816 “
384 2789 549 2851 commissa,
574 2787 644 2858 juro
671 2788 708 2842 ad
741 2789 804 2842 broc
832 2787 888 2841 Dei
916 2788 1089 2858 Evangelia,
1115 2787 1195 2857 quod
1219 2787 1257 2841 de
1281 2785 1398 2842 cunetis

346 2875 364 2900 ‘¹
384 2872 467 2927 bouis
495 2871 567 2927 dicti
592 2871 757 2941 hospitalis,
782 2871 941 2926 mobilibus
970 2877 1000 2926 et
1025 2888 1056 2925 se
1084 2871 1281 2934 moventibus,
1312 2869 1399 2924 fidele

346 2956 582 3010 “inventarium
608 2955 722 3010 faciam.
762 2954 915 3010 Fratribus
936 2954 1061 3025 leprosis
1084 2955 1235 3026 portiones
1255 2972 1347 3025 supra
1364 2953 1398 3006 in

346 3042 365 3066 “
384 3039 529 3094 Titulo-‘
539 3038 583 3092 Dc
597 3038 863 3094 Distributionibus
876 3038 1015 3092 Fratrum
1028 3036 1243 3109 Leprosorum’
1264 3038 1398 3108 apertius

346 3126 366 3149 ⁴¹
385 3122 563 3193 designatas,
584 3131 673 3192 prout
690 3121 883 3192 designantur
911 3120 1029 3184 ibidem,
1057 3121 1184 3176 fideliter
1208 3120 1398 3186 distribuam,

347 3208 365 3233 ‘⁸
385 3205 455 3259 dum
468 3205 623 3259 facultates
641 3205 713 3259 dicti
725 3203 880 3275 hospitalis
899 3204 1048 3259 sufficiunt
1060 3203 1097 3259 ad
1116 3203 1246 3260 easdem.
1284 3203 1400 3259 Fratri-

347 3292 366 3316 “
385 3290 440 3344 bus
453 3289 612 3360 capellanis
631 3288 785 3358 pecuniam
798 3305 851 3358 pro
863 3289 1005 3352 vestibus,
1018 3288 1129 3353 stratis,
1144 3295 1174 3342 et
1186 3287 1399 3352 calciamentis,

347 3377 365 3400 ‘⁴
387 3391 452 3444 quas
465 3391 554 3444 supra
566 3373 597 3427 in
609 3372 754 3426 'ritulo—⁶
769 3372 813 3426 De
832 3372 956 3442 pecunia
968 3371 1122 3426 Fratribus
1133 3370 1302 3442 Oapellauis
1315 3372 1400 3425 annis

347 3460 365 3482 “
388 3457 533 3526 ‘singulis
553 3453 767 3520 ministranda,'
787 3473 854 3509 cum
873 3456 935 3511 suis
959 3455 1102 3519 terminis,
1129 3455 1305 3519 continetur,
1326 3461 1400 3509 tem·

347 3539 506 3607 “poribus
539 3540 601 3593 suis
633 3538 820 3610 persolvam
853 3556 887 3593 ac
915 3538 1027 3593 eisdem
1057 3539 1199 3593 fratribus
1226 3537 1398 3607 capellanis,

347 3624 366 3647 “
387 3621 465 3675 sarria
485 3629 515 3675 et
533 3622 667 3685 infirmis,
684 3621 769 3692 juxta
795 3622 1010 3693 suppetentiam
1029 3621 1202 3677 facultatum
1221 3622 1400 3676 restantium

348 3707 366 3731 “
387 3704 466 3758 ultra
483 3704 707 3759 distributiones
727 3705 867 3760 fratribus
892 3705 1026 3775 leprosis,
1048 3711 1081 3759 ut
1104 3705 1307 3776 praemittitur,
1328 3705 1399 3759 iaci·

347 3792 365 3815 “
386 3787 485 3852 endas,
513 3805 566 3842 sua
588 3787 727 3842 alimenta
750 3788 917 3843 necessaria
935 3795 965 3843 et
988 3788 1183 3859 competentia
1205 3773 1398 3853 ministratam

347 3876 365 3898 ‘⁶
386 3872 548 3947 residuum,
575 3871 600 3924 si
633 3871 710 3940 quod
735 3873 885 3937 manserit,
911 3872 941 3926 in
965 3872 1124 3926 utilitatem
1148 3871 1306 3942 hospitalis
1332 3889 1400 3926 con·

350 3958 368 3982 ‘⁸
389 3961 512 4010 vertam.
558 3954 737 4008 Alienationi
774 3956 817 4009 rei
848 3955 1008 4009 immobilis
1037 3954 1074 4008 ad
1106 3955 1221 4010 dictum
1252 3954 1401 4026 hospitale

346 4042 365 4065 “
386 4038 570 4108 pertinentis,
591 4041 642 4092 aut
669 4038 849 4092 concessioni
878 4056 992 4103 census,
1012 4038 1171 4108 pensionis,
1192 4037 1241 4093 vel
1260 4038 1400 4103 conodii,

346 4125 364 4148 ‘⁶
384 4122 472 4176 {alicui
492 4122 528 4175 <lc
547 4121 631 4176 bonis
651 4121 805 4191 hospitalis
825 4121 1077 4192 qualitercunque,
1096 4122 1144 4175 vel
1164 4138 1198 4174 ex
1223 4139 1401 4192 quacunque

347 4207 365 4230 “
385 4223 474 4258 causa
492 4204 642 4267 suciendae,
672 4222 730 4257 non
756 4205 954 4270 consentiam
984 4204 1035 4258 sed
1063 4204 1198 4275 quotiens
1227 4222 1328 4259 coram
1354 4223 1402 4260 me

347 4290 366 4314 “
386 4287 422 4340 de
441 4287 498 4341 hiis
529 4293 625 4341 actum
656 4287 756 4351 suerit,
786 4305 839 4358 pro
864 4288 978 4342 viribus
1003 4286 1210 4342 contradicam.
1250 4287 1403 4344 Constitu·

347 4373 365 4397 “
387 4371 484 4424 tiones
498 4387 550 4423 seu
563 4369 768 4424 Ordinationes
782 4370 900 4424 Domini
912 4371 1068 4425 Michaelis
1080 4370 1204 4425 Abbatis
1218 4371 1403 4441 superdicto

346 4456 365 4479 ‘¹
384 4452 536 4523 hospitali,
558 4459 588 4508 et
614 4453 678 4524 ejus
704 4453 859 4524 regimine,
888 4454 992 4517 editas,
1012 4453 1137 4508 firmiter
1163 4454 1343 4521 observab03
1373 4464 1405 4512 et

346 4539 364 4562 ‘⁴
385 4553 434 4590 eas
455 4537 491 4590 ab
514 4536 581 4591 aliis
599 4554 653 4606 pro
671 4554 758 4608 posse
775 4554 841 4591 meo
866 4537 971 4592 faciam
990 4537 1149 4603 observari,
1169 4537 1228 4591 nisi
1253 4545 1403 4608 quatenus

345 4622 364 4646 “
384 4637 437 4689 per
455 4637 517 4684 vos,
538 4619 672 4686 Domine,
687 4639 802 4678 mecum
817 4621 907 4678 fuerit
925 4622 1135 4693 dispensatum.
1173 4619 1282 4679 Omnia
1298 4622 1401 4696 hospi·
