3038 5452
427 728 637 781 norrsrnan
660 729 781 778 srucrr
803 729 938 777 11111111.
1142 712 1206 783 375

159 920 272 1004 posset
295 915 484 984 Conventui
515 915 641 982 exilio
668 915 772 981 officio
794 916 957 982 deserviri.
1004 916 1069 982 Res
1099 915 1208 982 delata
1238 927 1357 987 nomas,

158 1026 217 1100 cst,
240 1023 280 1085 ut
303 1019 530 1106 praemittitur,
554 1020 596 1084 ad
618 1018 795 1098 Abbatem,
819 1023 853 1084 et
879 1018 1046 1084 communi
1077 1018 1206 1085 decreto
1246 994 1343 1122 ὣ,

159 1122 302 1188 Thomas
324 1121 408 1187 illud
423 1120 565 1188 officium
585 1121 747 1207 suscipere
763 1125 813 1186 est
828 1125 965 1187 mactus.
1012 1121 1085 1202 Quo
1101 1121 1206 1187 officio
1261 1126 1331 1177 ΑΒ.

157 1224 368 1292 landabiliter
390 1222 623 1290 administrato
646 1246 705 1311 per
726 1224 825 1290 unius
848 1224 928 1289 anni
951 1222 1117 1304 circulum,
1140 1224 1205 1289 fao-
1237 1198 1358 1302 ¹³2⁹&

160 1332 288 1394 tuaest
325 1325 523 1393 cellerarius
556 1348 598 1391 ex
626 1331 721 1413 parte
746 1325 913 1407 Abbatis;
944 1326 1033 1412 qnod
1065 1326 1204 1392 officium
1218 1326 1297 1404 From

157 1429 291 1515 majoris
325 1430 361 1493 in
392 1428 629 1514 temporalibus
654 1432 705 1492 est
735 1429 771 1491 iu
802 1428 1002 1494 Monasterio
1035 1436 1069 1495 et
1098 1430 1206 1495 oneris
1219 1394 1364 1512 ffilffi

158 1537 194 1598 et
220 1531 361 1596 honoris
409 1529 545 1608 Dehine,
576 1529 741 1594 industria
775 1535 990 1616 promerente,
1021 1532 1063 1597 ab
1093 1529 1348 1598 eodemrromoted

159 1634 292 1700 Abbato
318 1633 355 1697 in
384 1632 531 1699 Priorem
554 1632 594 1697 de
626 1632 836 1717 Tynemntha
858 1633 1030 1720 praefectus
1053 1640 1112 1714 est,
1132 1639 1207 1722 post
1219 1595 1340 1722 aiem,

160 1736 290 1802 obitum
312 1735 378 1799 viri
400 1735 608 1814 venerabilis,
633 1734 764 1800 Ricardi
788 1735 828 1799 de
851 1735 1048 1822 Tewyngge.

213 1941 262 2005 Da
283 1940 383 2026 pastis
405 1947 436 2005 et
457 1938 740 2005 tribulationibus
761 1938 833 2024 ejas
854 1939 897 2004 ia
918 1939 1088 2006 Priorcta
1111 1941 1151 2006 da
1218 1859 1314 1976 1111111·

573 2039 789 2125 Tpceoratbc.

205 2180 327 2245 Factus
350 2179 445 2244 Prior
472 2180 513 2244 de
541 2179 758 2266 Tynemutba,
783 2181 872 2244 omni
895 2180 1005 2244 studio
1035 2179 1348 2266 satagebatffisrrea

158 2305 271 2370 pacem
292 2286 326 2347 et
341 2282 547 2348 concordiam
570 2282 659 2347 inter
673 2282 791 2347 fratres
812 2281 915 2346 animi
933 2283 984 2347 sui
1007 2282 1205 2348 liberalitate
1218 2253 1351 2364 ssffin.

158 2408 265 2451 serere
282 2410 291 2463 ;
309 2384 461 2471 religioni
484 2384 683 2449 incessanter
708 2384 891 2470 invigilare,
905 2384 1056 2470 pacificos
1079 2385 1204 2450 confor—
1217 2380 1262 2446 ing
1271 2381 1313 2431 2¹1⁸

158 2495 238 2567 tare,
264 2488 432 2574 religiosos
452 2490 487 2551 et
507 2487 543 2550 in
569 2486 666 2551 choro
689 2486 807 2573 vigiles
835 2487 989 2564 animare,
1014 2487 1206 2553 extrinsecis
1217 2448 1331 2564 11ξὲξοί

159 2611 238 2656 vero
260 2590 403 2677 dapsilis,
418 2588 601 2667 munificus,
618 2595 653 2654 et
675 2588 855 2676 hospitalis,
872 2590 1013 2655 existere
1031 2589 1204 2656 laboravit.
1218 2581 1266 2658 3³⁵

160 2693 380 2774 Quamobrem
394 2691 525 2756 laudem
542 2691 647 2778 vulgi,
662 2698 696 2757 et
719 2696 913 2778 magnatum
935 2692 1085 2778 gratiam,
1103 2715 1201 2780 supra
1214 2650 1342 2767 ffffi.

157 2801 291 2862 cunctos
313 2799 530 2861 antecessores
554 2816 628 2859 suos
648 2795 765 2860 merito
781 2799 831 2859 est
846 2793 1003 2881 adeptus;
1025 2795 1112 2859 unde
1128 2797 1204 2860 con·
1216 2782 1345 2899 menffiit

158 2900 245 2986 tigit,
262 2920 335 2963 cum
359 2902 477 2984 expost
499 2897 650 2962 nonnulli
678 2898 816 2962 barones
840 2903 874 2961 et
900 2897 1010 2983 magni
1034 2897 1074 2962 de
1097 2899 1205 2984 patria
1218 2865 1268 2914 pop
1345 2867 1369 2914 γ’

159 3024 243 3078 eum,
265 3000 389 3066 exortis
422 2998 657 3078 simultatibus,
688 3020 827 3086 gravare
856 2999 1050 3077 niterentur,
1080 3021 1206 3085 praeva-

157 3107 247 3170 lente
270 3103 341 3188 ejus
364 3103 584 3184 animositate,
602 3109 636 3168 et
657 3103 770 3167 favore
793 3118 962 3190 procerum
985 3107 1019 3166 et
1040 3103 1205 3188 popularis

157 3207 275 3284 turbae,
308 3204 556 3270 adversantium
587 3205 694 3271 minas
724 3205 807 3285 risit,
834 3212 868 3270 et
893 3204 1081 3269 molitiones
1110 3204 1204 3269 facile

158 3310 336 3397 superavit,
361 3313 395 3373 et
417 3309 621 3374 adversarios
643 3309 680 3372 in
702 3330 846 3374 amorem
868 3329 965 3371 snum
987 3306 1098 3372 vertit.

204 3413 249 3477 Et
272 3411 405 3498 quidem
427 3433 486 3498 pro
508 3411 753 3497 recuperatione
775 3411 912 3474 manerii
927 3410 967 3473 de
983 3408 1202 3475 Haulreslowe
1215 3431 1353 3483 Hesufferr

157 3514 279 3581 multos
301 3511 429 3579 labores
451 3512 620 3589 sustinuit,
635 3516 669 3578 et
685 3513 830 3593 dolores,
854 3513 931 3598 quia
953 3533 1022 3576 non
1044 3515 1115 3577 erat
1133 3511 1203 3577 dies
1216 3514 1375 3616 ffllmim

157 3641 216 3706 per
249 3616 330 3682 anni
360 3615 459 3680 unius
491 3615 657 3692 circulum,
680 3615 716 3679 in
743 3637 808 3700 quo
830 3636 898 3679 nou
925 3615 1059 3679 timeret
1082 3637 1125 3694 se,
1149 3615 1205 3679 vel
1218 3631 1258 3681 sor
1270 3632 1312 3682 the

162 3722 204 3786 de
226 3719 294 3785 suis
318 3717 471 3802 aliquem,
486 3717 721 3804 perimendum,
745 3721 842 3782 tanta
864 3717 916 3782 vis
941 3717 1006 3781 fuit
1030 3717 1204 3782 adversan-
1218 3700 1377 3815 {gssffisss

157 3825 252 3900 tium,
291 3825 389 3886 tanta
424 3825 570 3907 potestas
609 3819 699 3885 dolos
736 3820 936 3887 struentium
974 3826 1088 3885 contra
1118 3843 1201 3886 cum.
1218 3831 1372 3883 ofHaukes·

158 3926 289 4012 Quippe
313 3922 478 3988 (letardus
499 3923 539 3987 de
554 3923 823 4009 Wythringtone,
845 3922 938 3988 miles
960 3923 1049 3988 inter
1070 3930 1203 3988 cunctos
1217 3898 1373 4014 ffifflmd

157 4028 290 4093 illarum
313 4024 459 4112 partium
481 4024 592 4088 audax
614 4024 657 4088 ad
680 4025 798 4102 omnia,
814 4024 906 4089 dives
929 4047 997 4111 prae
1020 4025 1152 4103 mteris,
1169 4030 1350 4106 strewar-

156 4127 381 4196 assentatione
404 4127 586 4192 multorum
608 4127 772 4203 suffultus,
795 4149 854 4214 pro
876 4128 964 4192 fama
979 4126 1030 4192 sui
1051 4128 1201 4206 nominis,
1215 4103 1331 4175 rrngton,

157 4232 315 4300 clamavit
337 4251 371 4295 se
393 4229 513 4295 habere
532 4229 587 4316 jus
616 4229 653 4292 in
683 4229 809 4295 dictum
833 4229 1003 4316 praedium,
1027 4232 1061 4294 et
1083 4230 1203 4295 idcirco
1216 4228 1245 4291 it,
1257 4237 1373 4310 asemper

154 4335 297 4401 Thomas
320 4333 414 4398 Prior
437 4332 622 4416 compulsus
645 4335 695 4396 est
725 4354 784 4418 per
809 4331 934 4418 placita
959 4331 1121 4395 declarare
1147 4331 1204 4416 jus
1217 4297 1372 4363 ‘mim'

153 4438 297 4505 ecclesiae
312 4435 377 4501 sibi
392 4435 580 4501 commissae.
626 4433 750 4498 Videris
771 4439 883 4499 autem
899 4434 1062 4499 Gerardus
1085 4435 1205 4499 cotidie

156 4541 302 4607 Priorem
325 4539 362 4603 in
385 4561 483 4604 causa
504 4538 669 4625 proficere,
684 4559 758 4601 eum
775 4542 911 4602 conatus
929 4542 980 4601 est
1002 4536 1154 4614 occidere,
1170 4543 1204 4602 et

154 4642 336 4728 quemlibet
359 4640 417 4726 qui
447 4641 478 4705 ei
508 4643 725 4726 praesumeret
747 4659 842 4724 opem
865 4640 953 4703 ferre.
1002 4638 1043 4702 In
1071 4644 1203 4705 tantum
