3038 5452
410 771 620 821 uormrsnn
643 772 764 822 ssscrr
786 774 923 824 amiur.
1115 759 1178 822 436

137 952 211 1007 “tii
238 955 381 1025 regulam,
410 957 648 1023 detractionibus,
673 960 772 1014 verbis
790 959 1017 1023 contumeliosis,
1034 958 1181 1028 juramen·
1216 963 1334 1024 Thomas,

136 1037 157 1063 “
173 1038 222 1101 tis,
242 1044 293 1092 aut
317 1039 516 1112 turpiloquiis,
536 1043 636 1099 venire
656 1043 852 1107 attentaverit,
871 1060 924 1113 per
943 1043 1119 1114 quindenam
1138 1060 1181 1096 se·
1219 1029 1305 1145 Am

136 1121 156 1146 “
176 1127 313 1192 quentem
343 1123 544 1181 Refectorium
569 1132 675 1182 teneat.
709 1126 742 1182 Si
767 1132 863 1182 autem
887 1128 920 1180 in
941 1126 1039 1181 verbis
1060 1126 1179 1196 jocosis,
1236 1097 1317 1213 ’ρξ’

135 1205 156 1231 “
173 1206 222 1260 vel
252 1208 475 1281 quibuscunque
505 1211 581 1276 aliis,
609 1230 674 1282 quse
698 1211 734 1266 de
766 1230 797 1267 so
822 1211 900 1266 mala
919 1229 976 1266 non
1000 1216 1077 1275 sunt,
1109 1227 1182 1281 prae·
1213 1199 1334 1281 lati-ic.

135 1291 154 1316 “
173 1290 259 1347 dictis
278 1293 350 1348 loeis
374 1295 507 1366 linguam
531 1313 614 1351 suam
644 1297 770 1352 clamose
805 1296 956 1361 laxaverit,
981 1313 1034 1366 per
1070 1300 1182 1365 septem
1240 1323 1305 1337 --

137 1375 157 1399 “
176 1373 239 1430 dies
268 1376 436 1434 immediate
473 1387 627 1452 sequentes
658 1386 740 1436 extra
782 1381 982 1436 Refectorium
1016 1379 1182 1434 nullatenus

135 1459 155 1484 ‘⁸
174 1458 315 1515 comedat.
353 1460 489 1519 Senicres
509 1471 617 1529 autem,
638 1468 669 1518 et
687 1465 827 1537 provecti,
841 1482 894 1535 pro
916 1481 1041 1535 qnorum
1062 1462 1184 1518 maturi·

137 1544 156 1567 “
174 1548 235 1598 tate
253 1545 452 1615 presumitur,
470 1549 496 1603 ei
513 1566 583 1604 casu
596 1549 747 1604 accidente
763 1549 863 1604 taliter
882 1549 1069 1621 deliquerint,
1083 1562 1183 1603 secun·

138 1627 247 1682 “dum
267 1630 385 1685 modum
405 1631 507 1703 culpae,
545 1633 582 1687 ed
611 1633 802 1689 Praesidentis
838 1634 994 1689 arbitrium
1017 1631 1183 1704 puniantur.

138 1711 156 1736 ‘⁸
177 1707 322 1768 Juvenem
343 1721 440 1770 autem
463 1717 658 1787 intelligimus
678 1733 880 1787 quemcunque
900 1718 931 1772 in
956 1718 1011 1772 hoc
1029 1733 1106 1782 casu,
1132 1715 1184 1787 qui

137 1795 156 1822 ‘⁶
175 1794 275 1852 decem
294 1815 382 1854 annos
403 1818 421 1854 a
438 1805 568 1870 tempore
592 1800 766 1871 receptionis
785 1801 902 1855 habitus
920 1801 1041 1855 minime
1059 1800 1185 1871 comple-

137 1882 155 1905 “
176 1878 228 1934 vit.
263 1882 438 1956 Ubicunque
468 1891 566 1939 autem
587 1886 693 1940 fratres
721 1883 910 1948 comederint,
931 1885 1086 1955 superfluis
1104 1889 1184 1954 pota·

137 1966 156 1990 “
175 1965 312 2031 tionibus,
338 1973 389 2023 aut
403 1970 486 2024 vanis
512 1969 802 2034 confabulationibus,
831 1974 899 2041 post
917 1969 1073 2041 prandium
1090 1967 1184 2022 nulla·

137 2050 156 2074 “
174 2053 261 2104 tenus
279 2059 400 2119 vaoent3
428 2054 481 2109 sed
505 2054 605 2109 statim
623 2058 690 2125 post
714 2053 878 2124 prandium,
902 2054 1007 2108 fratres
1029 2053 1080 2124 qui
1111 2052 1184 2107 Ocn-

137 2135 156 2158 “
175 2140 296 2190 ventum
322 2143 493 2208 sequuntur,
514 2138 625 2192 directe
653 2137 690 2192 ad
710 2138 871 2193 claustrum
894 2138 943 2193 vel
967 2137 1181 2199 dormitorium,

138 2219 263 2288 “prout
293 2221 476 2277 observantia
506 2222 652 2292 regularis
687 2222 822 2293 requirit,
851 2239 882 2277 se
906 2227 1085 2277 convertant.
1120 2220 1184 2274 Nec

137 2303 157 2328 “
177 2303 266 2356 etiam
295 2310 427 2376 tempore
448 2306 559 2360 assutis
589 2305 678 2361 liceat
702 2305 825 2360 Custodi
849 2305 978 2371 Ordinis,
1005 2307 1056 2377 qni
1083 2305 1184 2360 Refec-

137 2388 157 2412 “
176 2387 285 2442 terium
314 2390 434 2455 tenebit,
476 2390 590 2462 aliquos
615 2390 651 2444 de
683 2389 836 2445 Conventu
868 2396 950 2445 extra
980 2391 1184 2447 dormitorium

136 2473 155 2498 “
172 2486 226 2540 pro
243 2475 448 2543 potationibus,
468 2476 517 2530 vel
535 2475 619 2530 vanis
641 2475 931 2541 confabulationibus,
961 2475 1038 2531 siout
1060 2477 1186 2547 antiqui·

137 2556 157 2581 ⁴⁴
176 2560 223 2610 tus
243 2557 383 2624 solebant,
397 2576 518 2626 vocare3
545 2560 597 2615 sed
619 2560 719 2615 statim
738 2565 895 2631 postquam
914 2561 1026 2629 gratias
1047 2559 1078 2614 in
1097 2560 1185 2615 choro

138 2641 158 2665 “
178 2641 396 2712 compleverint,
414 2645 445 2698 in
468 2644 673 2699 dormitorium
696 2644 813 2709 vadant,
839 2644 940 2714 ibique
965 2662 1060 2714 usque
1087 2645 1185 2717 pulsa-

138 2726 156 2751 “
176 2723 284 2781 tionem
302 2735 482 2784 remaneant.

170 2810 189 2835 ‘⁶
208 2808 365 2866 Praedietis
384 2813 473 2867 etiam
487 2811 654 2884 adjiciendo
676 2813 844 2878 statuimus,
861 2819 896 2867 ut
914 2813 1014 2868 nullus
1041 2812 1185 2869 Obedien·
1199 2822 1240 2872 On
1250 2820 1293 2871 the

136 2895 155 2920 '¹
176 2893 291 2958 tianius,
305 2897 507 2968 cujuscunque
533 2899 625 2952 luerit
643 2896 798 2969 dignitatis
816 2897 864 2952 vel
884 2902 987 2963 status,
1007 2897 1039 2951 in
1059 2897 1184 2969 privatis
1198 2892 1261 2952 ⁶¹¹⁸!
1272 2886 1353 2966 Pstiffi

136 2979 157 3004 ⁴⁴
176 2977 336 3045 locutoriis‚
357 2999 410 3036 seu
422 2982 450 3036 in
472 2981 545 3037 locis
557 2981 762 3037 claustralibus
781 2980 1008 3052 adloquendum
1026 2982 1183 3053 deputatis,
1198 2956 1353 3072 &2¹:¹32

135 3065 154 3089 ‘⁶
174 3078 241 3118 cum
258 3065 390 3136 regulari
401 3067 449 3122 vel
469 3067 612 3131 seculari,
634 3067 744 3136 absque
756 3066 876 3121 licentia
887 3067 980 3138 petita
999 3073 1030 3121 et
1050 3066 1181 3132 obtenta,
1198 3059 1330 3140 convssm.

138 3148 158 3173 “
176 3147 258 3220 loqui
276 3157 445 3221 presumat.
500 3151 761 3208 Contravenientes
785 3167 856 3206 vero
879 3151 918 3206 ad
936 3150 1108 3222 Oapitulum
1129 3169 1182 3224 per
1197 3157 1260 3207 tion

137 3232 157 3257 '‘
177 3231 305 3304 aliquem
323 3235 441 3292 Ordinis
465 3237 618 3292 custodem
647 3239 807 3301 vocentur3
846 3239 876 3290 et
893 3234 945 3300 ibi,
968 3240 1056 3306 prout
1079 3233 1181 3293 delicti

137 3315 158 3340 “
178 3315 324 3387 qualitas²
341 3319 482 3390 exegerit,
496 3318 674 3392 regulariter
691 3318 859 3391 puniantur.

173 3514 225 3581 De
249 3514 532 3602 Confeseimtiboe,
554 3525 585 3585 ct
605 3516 823 3603 prevertere
852 3515 1163 3607 culpe—Omitti-

441 3620 516 3686 lcm
540 3621 691 3687 Tertium
712 3620 890 3686 damma

174 3757 193 3781 ‘⁴
213 3755 355 3824 Quoniam
373 3757 405 3812 in
423 3758 612 3814 sacramento
629 3759 815 3815 Poenitentiae
834 3777 893 3814 non
911 3758 1007 3814 solum
1024 3759 1186 3830 requiritur
1200 3765 1241 3816 On
1252 3764 1295 3814 the

137 3840 157 3865 '‘
175 3857 249 3911 pura
267 3840 409 3898 confessio
421 3843 593 3914 peccatoris,
608 3843 660 3899 sed
678 3845 767 3900 etiam
785 3844 944 3916 approbata
962 3845 1119 3899 auctoritas
1137 3844 1186 3898 ab·
1198 3830 1329 3947 ῗέἥᾶἕὲ

149 3925 157 3950 ⁴
177 3925 421 3992 solventia—non
438 3929 516 3983 enim
534 3934 632 3999 potest
650 3928 775 4000 quilibet
794 3928 928 3984 sacerdos
947 3945 1149 4000 quemcunque
1168 3914 1241 4015 am?
1259 3964 1310 4013 md
1330 3911 1354 3946 ⁵¹

137 4009 157 4036 ‘⁸
176 4013 304 4081 peccatis
329 4010 491 4078 absolvere,
512 4031 590 4078 cum,
622 4013 784 4069 secundum
799 4013 877 4086 jura,
904 4013 1002 4069 nullus
1034 4011 1184 4067 subditum
1197 3998 1269 4081 0202,
1280 4030 1353 4080 mk.

136 4095 157 4121 “
175 4094 313 4161 alienum,
332 4095 390 4152 nisi
407 4097 462 4153 hoc
480 4098 538 4153 sibi
556 4096 723 4168 specialiter
741 4098 925 4162 concedatur,
946 4097 1059 4152 solvere
1077 4101 1182 4168 potest,
1197 4098 1242 4175 ing
1258 4096 1356 4148 confes-

138 4181 158 4206 “
177 4179 225 4234 vel
241 4179 359 4252 ligare;
391 4180 469 4253 quod
487 4182 514 4237 si
532 4181 645 4247 lecerit,
666 4199 719 4253 per
743 4182 832 4236 talem
851 4181 1062 4237 confessionem
1088 4184 1118 4234 et
1135 4180 1183 4235 ab·
1198 4180 1261 4216 ⁸¹⁰¹¹⁴

138 4264 352 4321 “solutionem
376 4270 529 4338 peecatum
546 4284 605 4321 non
622 4265 792 4331 dimittitur,
812 4266 864 4320 sed
889 4264 987 4336 potius
1015 4270 1186 4335 augetur.-

139 4349 159 4376 “
177 4346 240 4406 Nos
257 4350 363 4423 igitur,
381 4351 545 4406 animarum
564 4351 765 4421 deceptionem
782 4351 814 4404 in
831 4350 886 4404 hac
904 4354 987 4421 parte
1005 4349 1186 4422 praecludere

141 4435 161 4460 ‘⁶
179 4431 359 4501 affectantes,
375 4435 542 4500 statuimus,
555 4453 589 4489 ae
610 4435 642 4488 in
654 4434 765 4490 virtute
778 4432 961 4499 obedientiae,
981 4439 1011 4489 et
1029 4433 1084 4489 sub
1102 4451 1188 4506 poena

140 4518 160 4544 “
179 4515 495 4576 Excommunioetionis
514 4517 647 4590 Majoris,
668 4518 802 4573 districte
820 4517 1017 4590 precipimus,
1035 4526 1070 4575 ut
1087 4516 1187 4575 nullus

366 4644 413 4650 -..
447 4644 514 4650 m-
530 4646 533 4650 ⁴
550 4643 736 4649 ----..-..-.
754 4643 792 4647 -.,
811 4641 1184 4648 -->-—--—-.-.--—---

175 4700 402 4756 macerinus.
634 4701 641 4770 Ι
685 4699 913 4769 ’metentis
1032 4775 1052 4836 2

942 4787 966 4834 n
987 4788 1008 4835 a
