3038 5452
455 704 631 754 arrarum
661 690 721 775 (s.)
1053 689 1119 756 491

74 895 93 921 “
113 893 146 947 in
172 891 252 946 dioto
277 890 416 962 hospitali
442 896 660 946 consueverunt
686 891 763 946 inter
782 890 891 946 fratres
910 889 1040 961 leprosos
1065 889 1129 944 fieri

78 980 97 1004 ‘⁴
118 976 155 1031 ab
168 975 299 1046 antiquo,
311 975 391 1046 ipsos
404 975 509 1030 fratres
521 975 656 1030 volumus
675 974 846 1030 contentari.
884 973 1046 1030 Residuum
1057 990 1128 1031 vero

82 1063 102 1087 '⁸
121 1059 265 1115 bonorum
282 1059 354 1114 dicti
372 1058 525 1130 hospitalis
544 1059 576 1113 in
594 1058 840 1115 sustentationem
858 1056 997 1129 Magistri
1025 1063 1055 1114 et
1072 1059 1129 1114 ira·

82 1145 102 1171 “
123 1149 204 1199 uum
221 1142 406 1199 sacerdotum
424 1142 495 1199 dicti
521 1143 675 1214 hospitalis
700 1141 839 1198 converti
856 1141 991 1197 volumus
1018 1147 1049 1198 et
1071 1147 1127 1197 sta·

80 1230 100 1257 ‘⁶
121 1228 242 1292 tuimur,
257 1227 343 1299 juxta
360 1226 480 1281 modum
498 1227 549 1297 qui
568 1226 692 1282 inferius
709 1225 801 1282 latius
819 1225 1004 1281 describitur.

147 1477 197 1543 Da
218 1476 402 1543 Fratribus
427 1476 632 1565 depellatis,
655 1484 685 1547 ot
707 1498 849 1545 matare
869 1478 1059 1544 madeat

115 1644 134 1670 ‘⁶
154 1641 316 1698 Statnimus
334 1641 464 1713 insuper,
486 1641 680 1707 decrevimus,
694 1660 728 1698 ao
747 1642 836 1698 etiam
855 1643 1034 1707 ordinamus,
1050 1644 1127 1716 quod

79 1730 98 1754 “
119 1725 150 1781 in
167 1724 245 1781 dicto
263 1726 400 1797 hospitali
420 1725 550 1799 quinque
568 1726 606 1781 ad
623 1726 721 1781 minus
740 1725 799 1781 sint
816 1728 968 1798 perpetuis
990 1728 1126 1798 tempori·

80 1814 100 1836 ‘⁴
118 1810 174 1864 bus
185 1809 348 1865 sacerdotes
360 1832 368 1876 ;
389 1811 467 1866 circa
480 1827 603 1881 quorum
615 1809 832 1874 admissionem,
847 1809 1050 1875 ¹amotionem,
1063 1828 1126 1866 cor·

81 1897 100 1920 ·‘
119 1893 285 1957 rectionem,
306 1900 336 1948 et
353 1895 498 1966 regimen,
517 1895 581 1948 haec
599 1894 696 1949 omnia
714 1911 780 1964 qum
799 1900 970 1964 sequuntur,
990 1894 1126 1950 volumus

82 1981 102 2004 “
121 1982 151 2032 et
166 1977 353 2048 praecipimus
371 1978 402 2031 in
421 1983 596 2049 perpetuum
615 1977 823 2033 inviolabiliter
841 1976 999 2032 observari.

228 2215 278 2278 Dc
299 2213 576 2300 aupawatalt'oae
598 2213 738 2281 cocart
761 2213 986 2282 mareotam.

120 2382 138 2406 ‘⁶
158 2379 241 2436 Licet
259 2381 445 2436 sacerdotum
463 2399 627 2446 numerum,
642 2382 762 2437 attentis
783 2382 919 2438 oneribus
937 2383 1127 2439 incumbenti·

84 2466 103 2490 “
122 2461 177 2519 bus
195 2464 354 2536 Hospitali,
374 2471 404 2520 et
431 2464 619 2520 facultatibus
648 2483 712 2537 quse
739 2465 776 2520 ad
800 2466 898 2537 ipsum
922 2465 1078 2537 pertinent,
1097 2467 1128 2522 in

84 2550 103 2574 “
123 2549 260 2618 praesenti
273 2567 363 2621 supra
380 2549 569 2605 statuerimus
581 2554 809 2622 competentem
823 2549 958 2605 volumus
971 2555 1078 2616 tamen,
1091 2551 1129 2605 ad

84 2628 104 2658 ⁸‘
123 2639 313 2704 augmentum
337 2633 433 2689 cultus
452 2633 555 2698 divini,
584 2633 648 2705 (pro
675 2634 760 2704 cujus
791 2634 976 2706 ampliatione
1003 2635 1128 2691 ferventi

84 2718 103 2742 ‘⁸
123 2714 267 2771 desiderio
285 2716 493 2784 ²anhelamus,)
508 2723 538 2772 et
549 2718 638 2772 etiam
650 2717 828 2783 ordinamus,
843 2718 921 2791 quod
933 2719 959 2774 si
969 2718 1045 2774 bona
1057 2719 1128 2776 dicti

84 2803 103 2826 “
123 2800 274 2873 hospitalis
294 2802 533 2874 qualitercunque
552 2802 752 2872 inposterum
770 2802 842 2857 adeo
861 2802 1038 2873 contigerint
1058 2821 1128 2875 aug·

85 2887 104 2910 “
123 2885 256 2950 mentari,
285 2891 319 2941 ut
347 2887 411 2957 ipsa
439 2887 514 2941 bona
544 2885 650 2940 merito
677 2904 834 2942 numerum
861 2887 986 2943 fratrum
1011 2886 1129 2959 exigant

84 2970 103 2994 ‘⁴
124 2969 303 3039 ampliorem,
336 2975 405 3025 tuno
431 2970 541 3040 absque
572 2969 711 3024 dilatione
740 2970 880 3037 indebita,
912 2971 1128 3044 capellanorum

84 3054 104 3077 ‘⁸
122 3069 261 3109 numerus
291 3053 432 3110 duntaxat
457 3053 544 3126 juxta
569 3054 713 3107 bonorum
744 3062 896 3109 auctorum
926 3055 1128 3110 sufficientiam

85 3139 104 3163 ‘⁸
124 3142 275 3208 augeatur.

355 3379 406 3446 Da
430 3379 597 3467 qualitate
618 3377 848 3448 Sacerdotem.

122 3532 140 3555 “
161 3529 324 3585 Statuimus
342 3529 420 3599 quod
438 3530 469 3583 in
486 3528 565 3584 dicto
576 3529 714 3601 hospitali
733 3527 779 3582 illi
795 3529 936 3585 duntaxat
951 3531 1129 3603 recipiantur

86 3616 106 3640 “
125 3615 299 3677 secerdotes,
319 3614 371 3684 qni
389 3620 459 3668 sunt
475 3615 560 3669 bonae
582 3615 653 3670 vita
677 3618 707 3668 et
734 3613 963 3669 conversationis
990 3616 1129 3683 honesta,

87 3699 106 3724 ‘⁸
125 3698 258 3771 alesque
269 3697 345 3769 quod
355 3715 444 3769 super
456 3715 557 3753 eorum
570 3697 801 3763 couversatione,
811 3703 863 3753 aut
872 3715 925 3770 per
938 3697 1129 3756 inveteratam

87 3785 107 3809 ‘⁸
126 3783 268 3847 notitiam,
298 3787 349 3836 aut
374 3799 428 3853 per
455 3783 529 3838 alias
555 3782 742 3855 probationes
767 3783 927 3852 legitimas,
957 3784 1130 3840 sufficientia

87 3868 107 3892 “
125 3875 284 3938 appareant
300 3868 490 3930 documenta;
510 3868 646 3940 qnodque
665 3868 725 3923 sint
741 3866 826 3930 tales,
841 3868 892 3937 qui
911 3868 1013 3931 sciant,
1026 3868 1128 3934 velint,

87 3950 106 3975 ‘⁴
126 3955 156 4004 et
171 3951 298 4015 valeant,
319 3950 421 4006 diuina
439 3951 533 4004 officia
553 3950 711 4006 celebrare.
748 3949 785 4003 In
804 3967 928 4020 quorum
953 3950 1127 4021 receptione,

88 4038 107 4062 ‘⁴
127 4034 291 4090 sacerdotes
320 4035 352 4089 in
378 4041 477 4089 nostra
497 4033 703 4104 jurisdictione
735 4033 872 4088 oriundos
899 4039 929 4087 et
955 4033 1074 4089 idoneos
1099 4035 1130 4089 in

88 4120 107 4145 “
126 4119 296 4190 praemissis,
315 4137 367 4175 seu
385 4117 588 4174 deficientibus
601 4116 719 4181 talibus,
734 4116 898 4171 sacerdotes
916 4115 983 4171 illos
1002 4115 1128 4183 idoneos,

88 4203 108 4229 “
128 4204 179 4274 qui
196 4204 227 4258 in
239 4204 318 4259 dicta
332 4203 536 4272 jurisdictione
553 4207 655 4256 nostra
672 4207 734 4256 tam
746 4200 799 4255 diu
816 4200 926 4254 fuerint
944 4199 1130 4258 laudabiliter

89 4289 108 4314 ‘⁴
127 4288 300 4352 conversati,
314 4286 393 4358 quod
404 4287 441 4341 de
459 4286 535 4341 bono
553 4302 655 4340 eorum
674 4289 761 4356 gestu
778 4283 917 4356 praesumi
929 4284 1130 4341 verisimiliter

88 4374 108 4400 “
126 4372 231 4428 debeat
241 4374 272 4427 in
290 4373 432 4437 futurum,
452 4371 586 4427 omnibus
605 4370 671 4424 aliis
689 4368 825 4423 volumus
844 4368 987 4439 anteponi.
1018 4369 1130 4440 Hujus·

121 4593 405 4645 ‘sanctimonialis
