3038 5452
419 714 630 766 uonasmnn
653 716 774 767 aaron
797 715 931 768 anunm
1133 707 1197 769 355

152 908 170 937 ‘⁴
194 903 319 968 auxilio
342 904 442 989 Regis
463 906 506 969 od
529 905 786 992 primogenitum
807 906 912 972 filiurn
936 927 1031 972 suum
1058 905 1200 972 militem
1231 919 1350 982 mensal,

149 1011 166 1038 “
188 1004 383 1083 faciendum,
401 1027 549 1072 concesso
571 1030 658 1072 anno
681 1007 854 1086 tricesimo,
871 1030 930 1094 pro
945 1008 1073 1074 duobus
1095 1008 1199 1073 feodis
1238 988 1334 1114 Imp

149 1113 166 1138 “
188 1107 306 1171 militis
328 1113 363 1173 et
385 1109 523 1174 dimidio
537 1110 573 1174 in
589 1107 756 1196 Byggyng
777 1116 812 1175 et
824 1110 1033 1195 Wynslowe;
1058 1110 1196 1176 sednon
1251 1120 1318 1173 AD.

148 1214 166 1242 “
188 1208 288 1274 dehet
302 1211 380 1276 inde
395 1212 562 1278 sumoniri.
609 1212 672 1277 Per
694 1211 794 1278 breve
817 1212 917 1299 Regis
931 1213 1144 1278 irrotulotum
1158 1211 1196 1276 in
1227 1191 1349 1292 ¹⁸3&

148 1317 165 1344 “
188 1310 411 1378 Memorandis
433 1314 475 1379 de
497 1315 558 1379 hoc
581 1336 677 1391 anno,
693 1315 836 1380 termino
857 1313 999 1394 Paschae,
1014 1320 1049 1380 et
1070 1335 1195 1402 proces·
1208 1330 1359 1382 Eur-olmera

149 1419 166 1445 “
188 1433 262 1478 sum
293 1415 370 1480 inde
408 1416 569 1494 habitum,
599 1421 634 1482 et
672 1417 965 1483 considerationem
1003 1417 1171 1483 Beronum
1184 1438 1193 1483 ε
1208 1397 1353 1530 ἰοῖξξξέζ

148 1518 358 1582 “annotatis
387 1518 579 1584 in”Rotulo
610 1518 810 1584 Placitorum
842 1521 882 1586 de
912 1542 1001 1586 anno
1022 1519 1195 1595 tricesimo,
1209 1530 1265 1581 that
1282 1531 1363 1582 effect.

147 1619 332 1684 “termino
355 1620 495 1686 Paschae.
542 1620 589 1686 Et
611 1622 743 1706 quietus
766 1621 844 1687 ost.”

147 1912 197 1980 De
208 1913 339 2001 placito
353 1938 455 2002 super·
466 1919 625 2004 parociam
639 1939 763 1985 conara
786 1917 795 1955 ¹
803 1917 969 2003 pensione
984 1919 1093 1985 decem
1106 1941 1199 1986 ator·

237 2039 367 2100 corma,
383 2019 530 2106 Hapooc'
559 2018 605 2087 dc
622 2019 742 2087 Bolbet
771 2019 813 2085 dc
838 2020 972 2087 acclama
995 2021 1036 2088 dc
1058 2019 1195 2088 wene-

238 2118 346 2186 huroc
368 2120 485 2188 dehita.

193 2266 210 2293 “
233 2258 347 2324 Abbas
370 2259 412 2323 de
434 2260 556 2326 Sancto
584 2260 712 2326 Albano
738 2261 959 2325 summonitus
983 2260 1048 2326 fuit
1079 2260 1123 2326 ad
1148 2267 1346 2325 re-Rccoruof

148 2367 166 2394 “
188 2360 417 2447 spondendum
439 2360 464 2425 J
465 2362 588 2426 ohanni
610 2362 650 2427 de
675 2363 873 2443 Lancestria,
900 2362 940 2428 de
965 2363 1086 2449 placito
1108 2333 1328 2465 quod{{¹„²5¹,1'1‘{}¹y

149 2470 166 2496 “
187 2462 307 2528 reddat
329 2464 359 2528 ei
386 2464 496 2529 decem
512 2486 636 2529 marcas
652 2487 725 2549 quae
741 2465 771 2528 ei
786 2488 806 2528 a
820 2469 1002 2530 retroeunt
1025 2466 1066 2530 dc
1086 2487 1196 2531 annuo
1209 2466 1347 2583 hiineaiteer

148 2565 320 2630 “redditu
347 2566 458 2631 decem
483 2589 673 2659 marcarum,
698 2589 795 2652 quern
822 2568 854 2632 ei
878 2567 975 2632 debet
1004 2574 1033 2633 ct
1059 2576 1332 2664 coetcra50f2pffl,

147 2675 165 2701 “
187 2674 222 2733 et
246 2668 332 2733 unde
354 2669 442 2734 idem
463 2669 486 2735 J
488 2669 633 2735 ohannes
648 2691 706 2755 per
725 2669 923 2734 Willelmum
948 2670 989 2734 de
1005 2669 1197 2751 Coleshulle‚
1210 2666 1357 2783 ffigftffl

147 2777 164 2803 “
187 2775 393 2836 attornatum
417 2793 523 2849 suurn,
539 2772 620 2837 dicit
638 2771 729 2857 'quod
754 2794 828 2837 cum
855 2773 990 2858 quidam
1016 2773 1195 2852 Johannes,
1210 2799 1308 2864 alleged
1322 2806 1349 2849 to

147 2879 164 2905 “
186 2873 354 2958 quondam
368 2867 492 2938 ‘Abbss
524 2872 564 2938 de
596 2873 718 2939 Sancto
748 2874 890 2954 Albano,
916 2874 1140 2962 praedecessor,
1166 2885 1197 2942 et
1209 2866 1348 2916 haveram

148 2981 164 3008 “
186 2980 311 3056 coeterc,
339 2997 381 3040 ex
406 2996 540 3041 assensu
563 2981 597 3041 et
623 2977 797 3042 voluntate
821 2976 968 3064 Capituli
995 2978 1054 3055 sui,
1071 2978 1195 3043 decimo
1208 2934 1358 3050 giam

145 3085 162 3110 c
184 3097 272 3143 nono
303 3078 355 3142 aie
380 3077 471 3155 ussi,
488 3100 576 3143 anno
602 3079 696 3166 regn
722 3079 821 3165 nega
849 3078 995 3155 nense,
1022 3078 1096 3144 uvi
1126 3080 1193 3144 no.
1207 3064 1353 3183 ffifflto

147 3181 270 3245 “mini
294 3181 393 3269 Regis
417 3204 513 3258 nunc,
539 3182 703 3247 tricesimo
730 3186 832 3258 sexto,
858 3181 947 3269 apud
971 3181 1113 3269 Wylom,
1136 3205 1195 3270 pro
1208 3197 1331 3263 Hagnae

147 3288 164 3315 “
185 3303 220 3348 sc
247 3287 281 3348 et
308 3284 549 3349 successoribus
575 3285 651 3361 suis,
678 3284 836 3349 concessit
859 3306 893 3348 se
919 3285 1026 3349 teneri
1057 3285 1195 3372 Hugoni
1207 3263 1329 3382 ffiffiffi

147 3391 164 3418 “
186 3384 226 3451 de
257 3386 414 3464 Bolcbek,
437 3386 549 3466 militi,
568 3385 762 3466 haeredibus,
794 3393 828 3452 et
851 3386 1027 3472 assignatis
1055 3387 1130 3466 suis,
1157 3389 1195 3452 in
1207 3399 1256 3476 and

145 3492 164 3521 “
186 3487 297 3553 decem
319 3489 438 3554 marcis
461 3511 581 3555 annuae
611 3489 786 3577 pensionis,
802 3488 888 3553 infra
911 3488 1055 3555 Octabas
1081 3490 1194 3556 Sancti
1208 3477 1313 3530 mm

146 3595 163 3625 ‘⁴
186 3589 325 3655 Martini
347 3591 384 3655 in
400 3592 527 3676 hyeme,
544 3591 633 3679 apud
647 3591 831 3657 manerium
856 3591 896 3658 de
924 3592 1121 3672 Hertborne,
1137 3616 1195 3681 per

145 3696 164 3727 “
185 3713 304 3758 manus
327 3693 549 3780 procuratoris
573 3694 724 3780 praedicti
746 3693 896 3775 abbatis,
919 3700 954 3759 et
977 3716 1194 3762 successorum

142 3801 161 3827 ⁴⁸
184 3815 328 3872 auorum,
350 3795 518 3882 capellano
541 3796 595 3860 vel
618 3795 733 3861 clerico
749 3796 900 3883 praedicti
915 3795 1078 3884 Hugonis,
1093 3799 1193 3864 haere-

145 3903 162 3932 “
185 3895 275 3977 dum,
290 3897 344 3962 vel
360 3899 601 3986 assignatorum
617 3893 759 3975 sucrum,
775 3898 957 3984 cuicunque
980 3899 1101 3964 dictam
1117 3922 1195 3985 pen-

144 4003 162 4033 “
184 3999 310 4065 sionem
347 4000 457 4066 decem
494 4022 680 4066 marcarum
718 4000 863 4066 conferre
900 4000 1092 4079 voluissent,
1130 4002 1192 4065 sol-

145 4107 162 4135 “
183 4101 362 4168 vendarum
388 4103 425 4167 in
447 4108 651 4191 perpetuum.
708 4102 759 4167 De
793 4124 857 4188 quo
892 4103 1025 4188 quidem
1060 4102 1193 4168 redditu

145 4209 162 4237 “
183 4203 271 4272 idem
286 4204 388 4294 Hugo
402 4206 468 4272 fnit
491 4207 623 4273 scisitus
645 4228 703 4294 per
725 4227 842 4270 monus
857 4205 1007 4292 praedicti
1029 4204 1053 4269 J
1054 4204 1193 4269 ohannis

180 4458 186 4488 ¹
195 4459 320 4522 porcionis
331 4459 357 4508 in
369 4459 490 4518 thetcxt3
501 4461 546 4509 but
557 4459 647 4525 faintly
721 4455 879 4506 πΗεῑΙιαιιιίι]
887 4456 929 4507 the
938 4463 1004 4515 tcxc3
1016 4456 1061 4506 but
1068 4458 1196 4508 corrected

145 4539 271 4588 corrected
288 4538 315 4586 in
335 4537 378 4588 the
395 4537 500 4602 margin,
517 4537 544 4586 in
560 4539 649 4588 ahter
693 4537 774 4586 inthe
784 4536 891 4600 margin,
902 4535 928 4583 in
940 4535 1045 4586 another
1056 4535 1130 4587 hand.

146 4613 220 4668 hand.
725 4613 879 4678 ³Correctly
889 4613 1020 4679 speaking,
1030 4618 1047 4643 “
1051 4617 1163 4681 prount.”

1001 4697 1066 4759 aa
