<?xml version="1.0" encoding="UTF-8"?>
<!DOCTYPE html PUBLIC "-//W3C//DTD XHTML 1.0 Transitional//EN"
    "http://www.w3.org/TR/xhtml1/DTD/xhtml1-transitional.dtd">
<html xmlns="http://www.w3.org/1999/xhtml" xml:lang="en" lang="en">
 <head>
  <title>
</title>
<meta http-equiv="Content-Type" content="text/html;charset=utf-8" />
  <meta name='ocr-system' content='tesseract 3.04.00' />
  <meta name='ocr-capabilities' content='ocr_page ocr_carea ocr_par ocr_line ocrx_word'/>
</head>
<body>
  <div class='ocr_page' id='page_1' title='image "./gestaabbatummon00parigoog_0528.png"; bbox 0 0 3038 5452; ppageno 0'>
   <div class='ocr_carea' id='block_1_1' title="bbox 554 736 820 815">
    <p class='ocr_par' dir='ltr' id='par_1_1' title="bbox 554 736 820 815">
     <span class='ocr_line' id='line_1_1' title="bbox 554 736 820 815; baseline 0.011 -22"><span class='ocrx_word' id='word_1_1' title='bbox 554 744 734 794; x_wconf 80' lang='lat' dir='ltr'><strong>arrnrnrx</strong></span> <span class='ocrx_word' id='word_1_2' title='bbox 759 736 820 815; x_wconf 81' lang='lat' dir='ltr'><strong>(a)</strong></span> 
     </span>
    </p>
   </div>
   <div class='ocr_carea' id='block_1_2' title="bbox 440 1011 919 1101">
    <p class='ocr_par' dir='ltr' id='par_1_2' title="bbox 440 1011 919 1101">
     <span class='ocr_line' id='line_1_2' title="bbox 440 1011 919 1101; baseline 0.002 -24"><span class='ocrx_word' id='word_1_3' title='bbox 440 1013 489 1078; x_wconf 83' lang='lat' dir='ltr'><strong>Dc</strong></span> <span class='ocrx_word' id='word_1_4' title='bbox 506 1011 725 1101; x_wconf 77' lang='lat' dir='ltr'><strong>prafeetioac</strong></span> <span class='ocrx_word' id='word_1_5' title='bbox 746 1011 919 1100; x_wconf 75' lang='lat' dir='ltr'><strong>Mapietri.</strong></span> 
     </span>
    </p>
   </div>
   <div class='ocr_carea' id='block_1_3' title="bbox 154 1160 1213 2493">
    <p class='ocr_par' dir='ltr' id='par_1_3' title="bbox 154 1160 1213 2493">
     <span class='ocr_line' id='line_1_3' title="bbox 195 1160 1210 1236; baseline -0.001 -17"><span class='ocrx_word' id='word_1_6' title='bbox 195 1160 369 1232; x_wconf 84' lang='lat' dir='ltr'><strong>“Quotiens</strong></span> <span class='ocrx_word' id='word_1_7' title='bbox 386 1162 499 1220; x_wconf 87' lang='lat' dir='ltr'><strong>dietum</strong></span> <span class='ocrx_word' id='word_1_8' title='bbox 515 1163 661 1236; x_wconf 86' lang='lat' dir='ltr'><strong>hospitale</strong></span> <span class='ocrx_word' id='word_1_9' title='bbox 679 1165 771 1220; x_wconf 82' lang='lat' dir='ltr'><strong>fuerit</strong></span> <span class='ocrx_word' id='word_1_10' title='bbox 787 1163 927 1236; x_wconf 75' lang='lat' dir='ltr'>Magistri</span> <span class='ocrx_word' id='word_1_11' title='bbox 952 1163 1098 1235; x_wconf 88' lang='lat' dir='ltr'><strong>regimine</strong></span> <span class='ocrx_word' id='word_1_12' title='bbox 1121 1164 1210 1220; x_wconf 88' lang='lat' dir='ltr'><strong>desti-</strong></span> 
     </span>
     <span class='ocr_line' id='line_1_4' title="bbox 156 1247 1209 1320; baseline 0 -18"><span class='ocrx_word' id='word_1_13' title='bbox 156 1248 178 1274; x_wconf 87' lang='lat'>“</span> <span class='ocrx_word' id='word_1_14' title='bbox 199 1250 306 1312; x_wconf 68' lang='lat' dir='ltr'><strong>tutum</strong></span> <span class='ocrx_word' id='word_1_15' title='bbox 324 1264 401 1304; x_wconf 89' lang='lat' dir='ltr'><strong>unus</strong></span> <span class='ocrx_word' id='word_1_16' title='bbox 420 1247 588 1320; x_wconf 69' lang='lat' dir='ltr'><strong>capellanus</strong></span> <span class='ocrx_word' id='word_1_17' title='bbox 606 1247 680 1303; x_wconf 86' lang='lat' dir='ltr'><strong>dicti</strong></span> <span class='ocrx_word' id='word_1_18' title='bbox 696 1248 863 1318; x_wconf 85' lang='lat' dir='ltr'><strong>hospitalis,</strong></span> <span class='ocrx_word' id='word_1_19' title='bbox 884 1247 937 1317; x_wconf 87' lang='lat' dir='ltr'><strong>qni</strong></span> <span class='ocrx_word' id='word_1_20' title='bbox 955 1247 987 1302; x_wconf 91' lang='lat' dir='ltr'><strong>in</strong></span> <span class='ocrx_word' id='word_1_21' title='bbox 1005 1247 1209 1318; x_wconf 76' lang='lat' dir='ltr'><strong>spiritualibus</strong></span> 
     </span>
     <span class='ocr_line' id='line_1_5' title="bbox 156 1330 1210 1403; baseline 0.002 -19"><span class='ocrx_word' id='word_1_22' title='bbox 156 1333 177 1357; x_wconf 90' lang='lat'>“</span> <span class='ocrx_word' id='word_1_23' title='bbox 199 1335 230 1385; x_wconf 94' lang='lat' dir='ltr'><strong>et</strong></span> <span class='ocrx_word' id='word_1_24' title='bbox 252 1331 465 1402; x_wconf 66' lang='lat' dir='ltr'><strong>temporalibus</strong></span> <span class='ocrx_word' id='word_1_25' title='bbox 489 1331 586 1403; x_wconf 89' lang='lat' dir='ltr'><strong>magis</strong></span> <span class='ocrx_word' id='word_1_26' title='bbox 611 1330 701 1387; x_wconf 81' lang='lat' dir='ltr'><strong>suerit</strong></span> <span class='ocrx_word' id='word_1_27' title='bbox 724 1331 964 1402; x_wconf 88' lang='lat' dir='ltr'><strong>circumspectus,</strong></span> <span class='ocrx_word' id='word_1_28' title='bbox 988 1330 1210 1401; x_wconf 79' lang='lat' dir='ltr'><strong>ciroumseripto</strong></span> 
     </span>
     <span class='ocr_line' id='line_1_6' title="bbox 155 1416 1211 1486; baseline 0.002 -17"><span class='ocrx_word' id='word_1_29' title='bbox 155 1417 177 1442; x_wconf 92' lang='lat'>“</span> <span class='ocrx_word' id='word_1_30' title='bbox 199 1431 372 1486; x_wconf 88' lang='lat' dir='ltr'><strong>quocunque</strong></span> <span class='ocrx_word' id='word_1_31' title='bbox 398 1416 564 1471; x_wconf 89' lang='lat' dir='ltr'><strong>inordinato</strong></span> <span class='ocrx_word' id='word_1_32' title='bbox 588 1416 699 1479; x_wconf 83' lang='lat' dir='ltr'><strong>favore,</strong></span> <span class='ocrx_word' id='word_1_33' title='bbox 718 1417 892 1471; x_wconf 87' lang='lat' dir='ltr'><strong>anctoritate</strong></span> <span class='ocrx_word' id='word_1_34' title='bbox 917 1421 1018 1472; x_wconf 88' lang='lat' dir='ltr'><strong>nostra</strong></span> <span class='ocrx_word' id='word_1_35' title='bbox 1042 1422 1073 1471; x_wconf 89' lang='lat' dir='ltr'><strong>et</strong></span> <span class='ocrx_word' id='word_1_36' title='bbox 1097 1433 1211 1472; x_wconf 89' lang='lat' dir='ltr'><strong>succes-</strong></span> 
     </span>
     <span class='ocr_line' id='line_1_7' title="bbox 154 1499 1211 1572; baseline 0.002 -19"><span class='ocrx_word' id='word_1_37' title='bbox 154 1500 175 1524; x_wconf 88' lang='lat'>“</span> <span class='ocrx_word' id='word_1_38' title='bbox 199 1515 299 1553; x_wconf 86' lang='lat' dir='ltr'><strong>sorum</strong></span> <span class='ocrx_word' id='word_1_39' title='bbox 310 1504 488 1565; x_wconf 85' lang='lat' dir='ltr'><strong>nostrorum,</strong></span> <span class='ocrx_word' id='word_1_40' title='bbox 502 1499 644 1555; x_wconf 82' lang='lat' dir='ltr'><strong>duntaxat</strong></span> <span class='ocrx_word' id='word_1_41' title='bbox 660 1499 840 1571; x_wconf 86' lang='lat' dir='ltr'><strong>praeficiatur</strong></span> <span class='ocrx_word' id='word_1_42' title='bbox 856 1517 938 1555; x_wconf 91' lang='lat' dir='ltr'><strong>more</strong></span> <span class='ocrx_word' id='word_1_43' title='bbox 956 1500 1042 1556; x_wconf 90' lang='lat' dir='ltr'><strong>solito</strong></span> <span class='ocrx_word' id='word_1_44' title='bbox 1054 1501 1086 1555; x_wconf 92' lang='lat' dir='ltr'><strong>in</strong></span> <span class='ocrx_word' id='word_1_45' title='bbox 1097 1500 1211 1572; x_wconf 87' lang='lat' dir='ltr'><strong>Magis·</strong></span> 
     </span>
     <span class='ocr_line' id='line_1_8' title="bbox 155 1582 1212 1655; baseline 0.002 -19"><span class='ocrx_word' id='word_1_46' title='bbox 155 1583 178 1609; x_wconf 89' lang='lat'>“</span> <span class='ocrx_word' id='word_1_47' title='bbox 199 1585 297 1646; x_wconf 79' lang='lat' dir='ltr'><strong>trum3</strong></span> <span class='ocrx_word' id='word_1_48' title='bbox 324 1582 405 1638; x_wconf 89' lang='lat' dir='ltr'><strong>eirca</strong></span> <span class='ocrx_word' id='word_1_49' title='bbox 423 1583 511 1655; x_wconf 87' lang='lat' dir='ltr'><strong>cujus</strong></span> <span class='ocrx_word' id='word_1_50' title='bbox 528 1582 748 1655; x_wconf 74' lang='lat' dir='ltr'><strong>praelectionem</strong></span> <span class='ocrx_word' id='word_1_51' title='bbox 766 1583 880 1639; x_wconf 91' lang='lat' dir='ltr'><strong>nullam</strong></span> <span class='ocrx_word' id='word_1_52' title='bbox 894 1583 973 1654; x_wconf 86' lang='lat' dir='ltr'><strong>juris</strong></span> <span class='ocrx_word' id='word_1_53' title='bbox 997 1584 1212 1639; x_wconf 75' lang='lat' dir='ltr'><strong>solemnitatem</strong></span> 
     </span>
     <span class='ocr_line' id='line_1_9' title="bbox 155 1664 1212 1740; baseline 0.001 -20"><span class='ocrx_word' id='word_1_54' title='bbox 155 1667 178 1692; x_wconf 91' lang='grc'>“</span> <span class='ocrx_word' id='word_1_55' title='bbox 198 1664 333 1722; x_wconf 88' lang='lat' dir='ltr'><strong>volumus</strong></span> <span class='ocrx_word' id='word_1_56' title='bbox 361 1666 511 1722; x_wconf 79' lang='lat' dir='ltr'><strong>adhiberi:</strong></span> <span class='ocrx_word' id='word_1_57' title='bbox 538 1684 593 1723; x_wconf 92' lang='lat' dir='ltr'><strong>nec</strong></span> <span class='ocrx_word' id='word_1_58' title='bbox 618 1668 697 1738; x_wconf 91' lang='lat' dir='ltr'><strong>quod</strong></span> <span class='ocrx_word' id='word_1_59' title='bbox 722 1669 786 1739; x_wconf 90' lang='lat' dir='ltr'><strong>ipse</strong></span> <span class='ocrx_word' id='word_1_60' title='bbox 807 1667 953 1738; x_wconf 80' lang='lat' dir='ltr'><strong>Magister</strong></span> <span class='ocrx_word' id='word_1_61' title='bbox 980 1685 1016 1722; x_wconf 84' lang='lat' dir='ltr'><strong>ex</strong></span> <span class='ocrx_word' id='word_1_62' title='bbox 1041 1667 1212 1740; x_wconf 85' lang='lat' dir='ltr'><strong>hujusmodi</strong></span> 
     </span>
     <span class='ocr_line' id='line_1_10' title="bbox 156 1749 1211 1823; baseline 0.001 -20"><span class='ocrx_word' id='word_1_63' title='bbox 156 1750 178 1776; x_wconf 80' lang='lat'><strong>‘⁸</strong></span> <span class='ocrx_word' id='word_1_64' title='bbox 199 1749 386 1820; x_wconf 75' lang='lat' dir='ltr'><strong>praefectione</strong></span> <span class='ocrx_word' id='word_1_65' title='bbox 411 1749 532 1807; x_wconf 86' lang='lat' dir='ltr'><strong>titulum</strong></span> <span class='ocrx_word' id='word_1_66' title='bbox 557 1757 733 1823; x_wconf 86' lang='lat' dir='ltr'><strong>perpetuum</strong></span> <span class='ocrx_word' id='word_1_67' title='bbox 760 1750 818 1806; x_wconf 91' lang='lat' dir='ltr'><strong>sibi</strong></span> <span class='ocrx_word' id='word_1_68' title='bbox 836 1751 935 1806; x_wconf 88' lang='lat' dir='ltr'><strong>valeat</strong></span> <span class='ocrx_word' id='word_1_69' title='bbox 955 1750 1129 1817; x_wconf 79' lang='lat' dir='ltr'><strong>vendicare3</strong></span> <span class='ocrx_word' id='word_1_70' title='bbox 1159 1750 1211 1806; x_wconf 89' lang='lat' dir='ltr'><strong>sed</strong></span> 
     </span>
     <span class='ocr_line' id='line_1_11' title="bbox 156 1832 1212 1907; baseline 0.001 -19"><span class='ocrx_word' id='word_1_71' title='bbox 156 1834 179 1861; x_wconf 83' lang='lat'><strong>‘⁴</strong></span> <span class='ocrx_word' id='word_1_72' title='bbox 198 1832 287 1906; x_wconf 89' lang='lat' dir='ltr'><strong>liceat</strong></span> <span class='ocrx_word' id='word_1_73' title='bbox 309 1833 403 1900; x_wconf 87' lang='lat' dir='ltr'><strong>nobis,</strong></span> <span class='ocrx_word' id='word_1_74' title='bbox 424 1833 593 1907; x_wconf 87' lang='lat' dir='ltr'><strong>nostrisque</strong></span> <span class='ocrx_word' id='word_1_75' title='bbox 618 1834 847 1899; x_wconf 87' lang='lat' dir='ltr'><strong>successoribus,</strong></span> <span class='ocrx_word' id='word_1_76' title='bbox 876 1833 902 1888; x_wconf 91' lang='lat' dir='ltr'><strong>si</strong></span> <span class='ocrx_word' id='word_1_77' title='bbox 927 1833 1074 1905; x_wconf 82' lang='lat' dir='ltr'><strong>Magister</strong></span> <span class='ocrx_word' id='word_1_78' title='bbox 1101 1835 1133 1888; x_wconf 92' lang='lat' dir='ltr'><strong>in</strong></span> <span class='ocrx_word' id='word_1_79' title='bbox 1159 1852 1212 1890; x_wconf 90' lang='lat' dir='ltr'><strong>suo</strong></span> 
     </span>
     <span class='ocr_line' id='line_1_12' title="bbox 158 1917 1213 1991; baseline -0.002 -18"><span class='ocrx_word' id='word_1_80' title='bbox 158 1918 180 1944; x_wconf 90' lang='lat'><strong>“</strong></span> <span class='ocrx_word' id='word_1_81' title='bbox 199 1917 352 1973; x_wconf 88' lang='lat' dir='ltr'><strong>ratiocinio</strong></span> <span class='ocrx_word' id='word_1_82' title='bbox 371 1935 424 1974; x_wconf 89' lang='lat' dir='ltr'><strong>seu</strong></span> <span class='ocrx_word' id='word_1_83' title='bbox 442 1925 584 1991; x_wconf 90' lang='lat' dir='ltr'><strong>compoto,</strong></span> <span class='ocrx_word' id='word_1_84' title='bbox 604 1918 653 1976; x_wconf 84' lang='lat' dir='ltr'><strong>vel</strong></span> <span class='ocrx_word' id='word_1_85' title='bbox 670 1919 702 1973; x_wconf 93' lang='lat' dir='ltr'><strong>in</strong></span> <span class='ocrx_word' id='word_1_86' title='bbox 720 1917 797 1984; x_wconf 89' lang='lat' dir='ltr'><strong>aliis,</strong></span> <span class='ocrx_word' id='word_1_87' title='bbox 817 1917 861 1972; x_wconf 89' lang='lat' dir='ltr'><strong>ita</strong></span> <span class='ocrx_word' id='word_1_88' title='bbox 878 1923 1013 1990; x_wconf 86' lang='lat' dir='ltr'><strong>repertus</strong></span> <span class='ocrx_word' id='word_1_89' title='bbox 1033 1918 1124 1972; x_wconf 81' lang='lat' dir='ltr'><strong>suerit</strong></span> <span class='ocrx_word' id='word_1_90' title='bbox 1140 1917 1213 1972; x_wconf 89' lang='lat' dir='ltr'><strong>deli·</strong></span> 
     </span>
     <span class='ocr_line' id='line_1_13' title="bbox 159 2000 1213 2074; baseline -0.002 -18"><span class='ocrx_word' id='word_1_91' title='bbox 159 2004 181 2029; x_wconf 90' lang='lat'>“</span> <span class='ocrx_word' id='word_1_92' title='bbox 201 2002 310 2072; x_wconf 87' lang='lat' dir='ltr'><strong>quisse,</strong></span> <span class='ocrx_word' id='word_1_93' title='bbox 339 2008 373 2057; x_wconf 89' lang='lat' dir='ltr'><strong>ut</strong></span> <span class='ocrx_word' id='word_1_94' title='bbox 397 2021 450 2058; x_wconf 90' lang='lat' dir='ltr'><strong>suo</strong></span> <span class='ocrx_word' id='word_1_95' title='bbox 475 2002 658 2074; x_wconf 86' lang='lat' dir='ltr'><strong>magisterio,</strong></span> <span class='ocrx_word' id='word_1_96' title='bbox 684 2001 770 2073; x_wconf 86' lang='lat' dir='ltr'><strong>juxta</strong></span> <span class='ocrx_word' id='word_1_97' title='bbox 791 2000 908 2073; x_wconf 87' lang='lat' dir='ltr'><strong>justum</strong></span> <span class='ocrx_word' id='word_1_98' title='bbox 934 2006 965 2057; x_wconf 89' lang='lat' dir='ltr'><strong>et</strong></span> <span class='ocrx_word' id='word_1_99' title='bbox 991 2018 1109 2070; x_wconf 73' lang='lat' dir='ltr'><strong>equum</strong></span> <span class='ocrx_word' id='word_1_100' title='bbox 1135 2000 1213 2055; x_wconf 93' lang='lat' dir='ltr'><strong>arbi·</strong></span> 
     </span>
     <span class='ocr_line' id='line_1_14' title="bbox 158 2084 1212 2158; baseline -0.004 -17"><span class='ocrx_word' id='word_1_101' title='bbox 158 2087 181 2112; x_wconf 87' lang='lat'><strong>“</strong></span> <span class='ocrx_word' id='word_1_102' title='bbox 199 2085 298 2151; x_wconf 84' lang='lat' dir='ltr'><strong>trium,</strong></span> <span class='ocrx_word' id='word_1_103' title='bbox 316 2085 457 2142; x_wconf 83' lang='lat' dir='ltr'><strong>reddatur</strong></span> <span class='ocrx_word' id='word_1_104' title='bbox 473 2086 623 2158; x_wconf 88' lang='lat' dir='ltr'><strong>indiguus,</strong></span> <span class='ocrx_word' id='word_1_105' title='bbox 637 2091 743 2142; x_wconf 79' lang='lat' dir='ltr'><strong>extunc</strong></span> <span class='ocrx_word' id='word_1_106' title='bbox 762 2084 888 2140; x_wconf 90' lang='lat' dir='ltr'><strong>eundem</strong></span> <span class='ocrx_word' id='word_1_107' title='bbox 906 2085 1017 2155; x_wconf 83' lang='lat' dir='ltr'><strong>absque</strong></span> <span class='ocrx_word' id='word_1_108' title='bbox 1038 2101 1212 2155; x_wconf 88' lang='lat' dir='ltr'><strong>quocunqne</strong></span> 
     </span>
     <span class='ocr_line' id='line_1_15' title="bbox 158 2166 1213 2242; baseline -0.004 -18"><span class='ocrx_word' id='word_1_109' title='bbox 158 2171 180 2196; x_wconf 91' lang='lat'>“</span> <span class='ocrx_word' id='word_1_110' title='bbox 200 2169 301 2224; x_wconf 86' lang='lat' dir='ltr'><strong>ordine</strong></span> <span class='ocrx_word' id='word_1_111' title='bbox 321 2169 491 2241; x_wconf 86' lang='lat' dir='ltr'><strong>judiciario,</strong></span> <span class='ocrx_word' id='word_1_112' title='bbox 513 2188 566 2225; x_wconf 91' lang='lat' dir='ltr'><strong>seu</strong></span> <span class='ocrx_word' id='word_1_113' title='bbox 593 2168 798 2242; x_wconf 83' lang='lat' dir='ltr'><strong>appellationis</strong></span> <span class='ocrx_word' id='word_1_114' title='bbox 821 2168 982 2233; x_wconf 88' lang='lat' dir='ltr'><strong>obstaculo,</strong></span> <span class='ocrx_word' id='word_1_115' title='bbox 1005 2167 1046 2236; x_wconf 91' lang='lat' dir='ltr'><strong>(si</strong></span> <span class='ocrx_word' id='word_1_116' title='bbox 1063 2167 1147 2221; x_wconf 88' lang='lat' dir='ltr'><strong>nobis</strong></span> <span class='ocrx_word' id='word_1_117' title='bbox 1165 2166 1213 2221; x_wconf 86' lang='lat' dir='ltr'><strong>vel</strong></span> 
     </span>
     <span class='ocr_line' id='line_1_16' title="bbox 159 2250 1211 2325; baseline -0.002 -19"><span class='ocrx_word' id='word_1_118' title='bbox 159 2255 181 2280; x_wconf 91' lang='lat'>“</span> <span class='ocrx_word' id='word_1_119' title='bbox 200 2254 244 2308; x_wconf 89' lang='lat' dir='ltr'><strong>cis</strong></span> <span class='ocrx_word' id='word_1_120' title='bbox 270 2253 325 2309; x_wconf 90' lang='lat' dir='ltr'><strong>hoc</strong></span> <span class='ocrx_word' id='word_1_121' title='bbox 346 2253 502 2325; x_wconf 86' lang='lat' dir='ltr'><strong>expediens</strong></span> <span class='ocrx_word' id='word_1_122' title='bbox 530 2252 678 2320; x_wconf 84' lang='lat' dir='ltr'><strong>videatur,</strong></span> <span class='ocrx_word' id='word_1_123' title='bbox 701 2254 733 2308; x_wconf 93' lang='lat' dir='ltr'><strong>in</strong></span> <span class='ocrx_word' id='word_1_124' title='bbox 757 2258 859 2308; x_wconf 85' lang='lat' dir='ltr'><strong>nostra</strong></span> <span class='ocrx_word' id='word_1_125' title='bbox 886 2257 916 2307; x_wconf 91' lang='lat' dir='ltr'><strong>et</strong></span> <span class='ocrx_word' id='word_1_126' title='bbox 943 2269 996 2306; x_wconf 88' lang='lat' dir='ltr'><strong>sua</strong></span> <span class='ocrx_word' id='word_1_127' title='bbox 1023 2250 1211 2314; x_wconf 85' lang='lat' dir='ltr'><strong>conscientia,</strong></span> 
     </span>
     <span class='ocr_line' id='line_1_17' title="bbox 159 2335 1213 2407; baseline -0.003 -16"><span class='ocrx_word' id='word_1_128' title='bbox 159 2339 180 2364; x_wconf 86' lang='lat'><strong>⁴‘</strong></span> <span class='ocrx_word' id='word_1_129' title='bbox 200 2354 289 2407; x_wconf 84' lang='lat' dir='ltr'><strong>super</strong></span> <span class='ocrx_word' id='word_1_130' title='bbox 311 2337 368 2394; x_wconf 86' lang='lat' dir='ltr'><strong>hoc</strong></span> <span class='ocrx_word' id='word_1_131' title='bbox 393 2337 424 2391; x_wconf 91' lang='lat' dir='ltr'><strong>in</strong></span> <span class='ocrx_word' id='word_1_132' title='bbox 449 2354 564 2393; x_wconf 89' lang='lat' dir='ltr'><strong>summo</strong></span> <span class='ocrx_word' id='word_1_133' title='bbox 588 2337 721 2393; x_wconf 85' lang='lat' dir='ltr'><strong>examine</strong></span> <span class='ocrx_word' id='word_1_134' title='bbox 740 2335 910 2403; x_wconf 72' lang='lat' dir='ltr'><strong>oneranda)</strong></span> <span class='ocrx_word' id='word_1_135' title='bbox 930 2354 947 2390; x_wconf 90' lang='lat' dir='ltr'><strong>a</strong></span> <span class='ocrx_word' id='word_1_136' title='bbox 967 2353 1021 2390; x_wconf 91' lang='lat' dir='ltr'><strong>sno</strong></span> <span class='ocrx_word' id='word_1_137' title='bbox 1039 2335 1213 2405; x_wconf 88' lang='lat' dir='ltr'><strong>magisterio</strong></span> 
     </span>
     <span class='ocr_line' id='line_1_18' title="bbox 160 2420 499 2493; baseline 0 -17"><span class='ocrx_word' id='word_1_138' title='bbox 160 2423 181 2448; x_wconf 92' lang='lat'>“</span> <span class='ocrx_word' id='word_1_139' title='bbox 200 2420 317 2493; x_wconf 87' lang='lat' dir='ltr'><strong>penitus</strong></span> <span class='ocrx_word' id='word_1_140' title='bbox 336 2424 499 2479; x_wconf 82' lang='lat' dir='ltr'><strong>¹amovere.</strong></span> 
     </span>
    </p>
   </div>
   <div class='ocr_carea' id='block_1_4' title="bbox 271 2614 1098 2736">
    <p class='ocr_par' dir='ltr' id='par_1_4' title="bbox 271 2614 1098 2736">
     <span class='ocr_line' id='line_1_19' title="bbox 271 2614 1098 2736; baseline 0 -9"><span class='ocrx_word' id='word_1_141' title='bbox 271 2614 323 2726; x_wconf 76' lang='lat' dir='ltr'><strong>lie</strong></span> <span class='ocrx_word' id='word_1_142' title='bbox 345 2658 487 2727; x_wconf 75' lang='lat' dir='ltr'><strong>lieentia</strong></span> <span class='ocrx_word' id='word_1_143' title='bbox 509 2656 665 2736; x_wconf 68' lang='lat' dir='ltr'><strong>emenda,</strong></span> <span class='ocrx_word' id='word_1_144' title='bbox 688 2663 718 2725; x_wconf 83' lang='lat' dir='ltr'><strong>et</strong></span> <span class='ocrx_word' id='word_1_145' title='bbox 740 2678 874 2726; x_wconf 67' lang='lat' dir='ltr'><strong>occasu</strong></span> <span class='ocrx_word' id='word_1_146' title='bbox 895 2658 1098 2727; x_wconf 72' lang='lat' dir='ltr'><strong>Mulierum.</strong></span> 
     </span>
    </p>
   </div>
   <div class='ocr_carea' id='block_1_5' title="bbox 160 2821 1215 3399">
    <p class='ocr_par' dir='ltr' id='par_1_5' title="bbox 160 2821 1215 3399">
     <span class='ocr_line' id='line_1_20' title="bbox 198 2821 1211 2895; baseline -0.001 -17"><span class='ocrx_word' id='word_1_147' title='bbox 198 2823 218 2851; x_wconf 85' lang='lat'><em>“</em></span> <span class='ocrx_word' id='word_1_148' title='bbox 230 2821 275 2878; x_wconf 77' lang='lat' dir='ltr'><strong>Ma</strong></span> <span class='ocrx_word' id='word_1_149' title='bbox 292 2840 358 2895; x_wconf 76' lang='lat' dir='ltr'><strong>quaa</strong></span> <span class='ocrx_word' id='word_1_150' title='bbox 376 2823 535 2880; x_wconf 86' lang='lat' dir='ltr'><strong>statuimus</strong></span> <span class='ocrx_word' id='word_1_151' title='bbox 554 2840 643 2895; x_wconf 89' lang='lat' dir='ltr'><strong>supra</strong></span> <span class='ocrx_word' id='word_1_152' title='bbox 653 2821 685 2877; x_wconf 93' lang='lat' dir='ltr'><strong>in</strong></span> <span class='ocrx_word' id='word_1_153' title='bbox 696 2821 860 2887; x_wconf 80' lang='lat' dir='ltr'><strong>Titulis,-‘</strong></span> <span class='ocrx_word' id='word_1_154' title='bbox 874 2821 958 2891; x_wconf 83' lang='lat' dir='ltr'><strong>Quod</strong></span> <span class='ocrx_word' id='word_1_155' title='bbox 976 2823 1082 2879; x_wconf 89' lang='lat' dir='ltr'><strong>fratres</strong></span> <span class='ocrx_word' id='word_1_156' title='bbox 1101 2823 1211 2895; x_wconf 85' lang='lat' dir='ltr'><strong>leprosi</strong></span> 
     </span>
     <span class='ocr_line' id='line_1_21' title="bbox 161 2905 1212 2980; baseline 0 -18"><span class='ocrx_word' id='word_1_157' title='bbox 161 2910 180 2935; x_wconf 81' lang='lat'><strong>‘⁴</strong></span> <span class='ocrx_word' id='word_1_158' title='bbox 202 2907 367 2980; x_wconf 83' lang='lat' dir='ltr'><strong>‘hospitale</strong></span> <span class='ocrx_word' id='word_1_159' title='bbox 395 2907 475 2962; x_wconf 85' lang='lat' dir='ltr'><strong>exire</strong></span> <span class='ocrx_word' id='word_1_160' title='bbox 494 2907 557 2964; x_wconf 90' lang='lat' dir='ltr'><strong>sine</strong></span> <span class='ocrx_word' id='word_1_161' title='bbox 576 2907 695 2964; x_wconf 90' lang='lat' dir='ltr'><strong>licentia</strong></span> <span class='ocrx_word' id='word_1_162' title='bbox 715 2924 772 2962; x_wconf 94' lang='lat' dir='ltr'><strong>non</strong></span> <span class='ocrx_word' id='word_1_163' title='bbox 790 2905 988 2978; x_wconf 52' lang='lat' dir='ltr'><strong>praesumant?</strong></span> <span class='ocrx_word' id='word_1_164' title='bbox 1014 2907 1144 2962; x_wconf 87' lang='lat' dir='ltr'><strong>et-‘De</strong></span> <span class='ocrx_word' id='word_1_165' title='bbox 1164 2925 1212 2962; x_wconf 90' lang='lat' dir='ltr'><strong>ac-</strong></span> 
     </span>
     <span class='ocr_line' id='line_1_22' title="bbox 160 2988 1214 3057; baseline -0.001 -9"><span class='ocrx_word' id='word_1_166' title='bbox 160 2992 180 3019; x_wconf 87' lang='lat'>“</span> <span class='ocrx_word' id='word_1_167' title='bbox 202 2993 310 3051; x_wconf 82' lang='lat' dir='ltr'><strong>‘cesso</strong></span> <span class='ocrx_word' id='word_1_168' title='bbox 335 2991 513 3057; x_wconf 64' lang='lat' dir='ltr'><strong>mulierum:</strong></span> <span class='ocrx_word' id='word_1_169' title='bbox 534 2988 572 3047; x_wconf 89' lang='lat' dir='ltr'><strong>ad</strong></span> <span class='ocrx_word' id='word_1_170' title='bbox 593 2991 699 3048; x_wconf 88' lang='lat' dir='ltr'><strong>fratres</strong></span> <span class='ocrx_word' id='word_1_171' title='bbox 727 2990 895 3048; x_wconf 81' lang='lat' dir='ltr'><strong>sacerdotes</strong></span> <span class='ocrx_word' id='word_1_172' title='bbox 921 2990 1048 3055; x_wconf 84' lang='lat' dir='ltr'><strong>extendi,</strong></span> <span class='ocrx_word' id='word_1_173' title='bbox 1074 2996 1104 3045; x_wconf 83' lang='lat' dir='ltr'><strong>et</strong></span> <span class='ocrx_word' id='word_1_174' title='bbox 1121 2990 1152 3044; x_wconf 88' lang='lat' dir='ltr'><strong>in</strong></span> <span class='ocrx_word' id='word_1_175' title='bbox 1171 2992 1214 3047; x_wconf 87' lang='lat' dir='ltr'><strong>eis</strong></span> 
     </span>
     <span class='ocr_line' id='line_1_23' title="bbox 161 3073 1215 3148; baseline 0 -18"><span class='ocrx_word' id='word_1_176' title='bbox 161 3077 181 3104; x_wconf 80' lang='lat'><strong>‘⁶</strong></span> <span class='ocrx_word' id='word_1_177' title='bbox 200 3073 299 3131; x_wconf 91' lang='lat' dir='ltr'><strong>locum</strong></span> <span class='ocrx_word' id='word_1_178' title='bbox 315 3091 369 3148; x_wconf 91' lang='lat' dir='ltr'><strong>per</strong></span> <span class='ocrx_word' id='word_1_179' title='bbox 386 3075 632 3133; x_wconf 82' lang='lat' dir='ltr'><strong>omniavolumns</strong></span> <span class='ocrx_word' id='word_1_180' title='bbox 651 3073 799 3141; x_wconf 90' lang='lat' dir='ltr'><strong>obtinere;</strong></span> <span class='ocrx_word' id='word_1_181' title='bbox 819 3079 949 3146; x_wconf 85' lang='lat' dir='ltr'><strong>excepto,</strong></span> <span class='ocrx_word' id='word_1_182' title='bbox 974 3073 1052 3144; x_wconf 87' lang='lat' dir='ltr'><strong>qnod</strong></span> <span class='ocrx_word' id='word_1_183' title='bbox 1069 3073 1215 3145; x_wconf 87' lang='lat' dir='ltr'><strong>Magister</strong></span> 
     </span>
     <span class='ocr_line' id='line_1_24' title="bbox 162 3157 1213 3232; baseline -0.002 -17"><span class='ocrx_word' id='word_1_184' title='bbox 162 3161 182 3187; x_wconf 90' lang='lat'>“</span> <span class='ocrx_word' id='word_1_185' title='bbox 203 3159 310 3232; x_wconf 81' lang='lat' dir='ltr'><strong>poterit</strong></span> <span class='ocrx_word' id='word_1_186' title='bbox 326 3159 434 3217; x_wconf 72' lang='lat' dir='ltr'><strong>frames</strong></span> <span class='ocrx_word' id='word_1_187' title='bbox 453 3160 620 3217; x_wconf 77' lang='lat' dir='ltr'><strong>sacerdotes</strong></span> <span class='ocrx_word' id='word_1_188' title='bbox 637 3159 800 3224; x_wconf 88' lang='lat' dir='ltr'><strong>licentiare,</strong></span> <span class='ocrx_word' id='word_1_189' title='bbox 820 3163 855 3213; x_wconf 90' lang='lat' dir='ltr'><strong>nt</strong></span> <span class='ocrx_word' id='word_1_190' title='bbox 881 3175 916 3214; x_wconf 83' lang='lat' dir='ltr'><strong>ex</strong></span> <span class='ocrx_word' id='word_1_191' title='bbox 940 3174 1029 3213; x_wconf 89' lang='lat' dir='ltr'><strong>cansa</strong></span> <span class='ocrx_word' id='word_1_192' title='bbox 1052 3157 1213 3224; x_wconf 88' lang='lat' dir='ltr'><strong>bracinam,</strong></span> 
     </span>
     <span class='ocr_line' id='line_1_25' title="bbox 162 3241 1215 3314; baseline -0.003 -14"><span class='ocrx_word' id='word_1_193' title='bbox 162 3246 181 3272; x_wconf 76' lang='lat'><strong>‘⁸</strong></span> <span class='ocrx_word' id='word_1_194' title='bbox 202 3243 366 3314; x_wconf 71' lang='lat' dir='ltr'><strong>pieminam,</strong></span> <span class='ocrx_word' id='word_1_195' title='bbox 379 3245 428 3300; x_wconf 90' lang='lat' dir='ltr'><strong>vel</strong></span> <span class='ocrx_word' id='word_1_196' title='bbox 440 3245 590 3314; x_wconf 81' lang='lat' dir='ltr'><strong>grangias,</strong></span> <span class='ocrx_word' id='word_1_197' title='bbox 604 3243 820 3314; x_wconf 84' lang='lat' dir='ltr'><strong>ingrediantur,</strong></span> <span class='ocrx_word' id='word_1_198' title='bbox 835 3260 903 3297; x_wconf 89' lang='lat' dir='ltr'><strong>oum</strong></span> <span class='ocrx_word' id='word_1_199' title='bbox 920 3242 976 3296; x_wconf 89' lang='lat' dir='ltr'><strong>hoo</strong></span> <span class='ocrx_word' id='word_1_200' title='bbox 995 3241 1052 3297; x_wconf 90' lang='lat' dir='ltr'><strong>sibi</strong></span> <span class='ocrx_word' id='word_1_201' title='bbox 1064 3241 1215 3297; x_wconf 87' lang='lat' dir='ltr'><strong>videbitur</strong></span> 
     </span>
     <span class='ocr_line' id='line_1_26' title="bbox 163 3327 351 3399; baseline 0.005 -17"><span class='ocrx_word' id='word_1_202' title='bbox 163 3328 183 3356; x_wconf 82' lang='lat'><strong>‘⁶</strong></span> <span class='ocrx_word' id='word_1_203' title='bbox 203 3327 351 3399; x_wconf 85' lang='lat' dir='ltr'><strong>expedire.</strong></span> 
     </span>
    </p>
   </div>
   <div class='ocr_carea' id='block_1_6' title="bbox 381 3528 993 3614">
    <p class='ocr_par' dir='ltr' id='par_1_6' title="bbox 381 3528 993 3614">
     <span class='ocr_line' id='line_1_27' title="bbox 381 3528 993 3614; baseline -0.007 -16"><span class='ocrx_word' id='word_1_204' title='bbox 381 3532 433 3599; x_wconf 81' lang='lat' dir='ltr'><strong>De</strong></span> <span class='ocrx_word' id='word_1_205' title='bbox 454 3531 610 3600; x_wconf 74' lang='lat' dir='ltr'><strong>custodio</strong></span> <span class='ocrx_word' id='word_1_206' title='bbox 637 3529 842 3599; x_wconf 69' lang='lat' dir='ltr'><strong>donatae</strong></span> <span class='ocrx_word' id='word_1_207' title='bbox 865 3528 993 3614; x_wconf 73' lang='lat' dir='ltr'><strong>Sipilii.</strong></span> 
     </span>
    </p>
   </div>
   <div class='ocr_carea' id='block_1_7' title="bbox 165 3687 1217 4436">
    <p class='ocr_par' dir='ltr' id='par_1_7' title="bbox 165 3687 1217 4436">
     <span class='ocr_line' id='line_1_28' title="bbox 202 3687 1216 3764; baseline -0.002 -16"><span class='ocrx_word' id='word_1_208' title='bbox 202 3692 222 3720; x_wconf 88' lang='lat'><em>“</em></span> <span class='ocrx_word' id='word_1_209' title='bbox 241 3691 403 3748; x_wconf 76' lang='lat' dir='ltr'><strong>Commune</strong></span> <span class='ocrx_word' id='word_1_210' title='bbox 422 3690 563 3764; x_wconf 82' lang='lat' dir='ltr'><strong>Sigillum</strong></span> <span class='ocrx_word' id='word_1_211' title='bbox 581 3690 612 3746; x_wconf 90' lang='lat' dir='ltr'><strong>in</strong></span> <span class='ocrx_word' id='word_1_212' title='bbox 630 3689 811 3746; x_wconf 86' lang='lat' dir='ltr'><strong>habitatione</strong></span> <span class='ocrx_word' id='word_1_213' title='bbox 828 3687 978 3760; x_wconf 84' lang='lat' dir='ltr'><strong>Magistri,</strong></span> <span class='ocrx_word' id='word_1_214' title='bbox 999 3689 1030 3745; x_wconf 91' lang='lat' dir='ltr'><strong>in</strong></span> <span class='ocrx_word' id='word_1_215' title='bbox 1048 3691 1141 3748; x_wconf 76' lang='lat' dir='ltr'><strong>2oista</strong></span> <span class='ocrx_word' id='word_1_216' title='bbox 1158 3709 1216 3746; x_wconf 85' lang='lat' dir='ltr'><strong>nna</strong></span> 
     </span>
     <span class='ocr_line' id='line_1_29' title="bbox 166 3774 1216 3847; baseline -0.005 -15"><span class='ocrx_word' id='word_1_217' title='bbox 166 3779 186 3803; x_wconf 90' lang='lat'>“</span> <span class='ocrx_word' id='word_1_218' title='bbox 206 3776 269 3832; x_wconf 83' lang='lat' dir='ltr'><strong>snb-</strong></span> <span class='ocrx_word' id='word_1_219' title='bbox 285 3776 382 3832; x_wconf 87' lang='lat' dir='ltr'><strong>tribus</strong></span> <span class='ocrx_word' id='word_1_220' title='bbox 407 3775 545 3842; x_wconf 79' lang='lat' dir='ltr'><strong>sarreria,</strong></span> <span class='ocrx_word' id='word_1_221' title='bbox 570 3791 652 3830; x_wconf 90' lang='lat' dir='ltr'><strong>more</strong></span> <span class='ocrx_word' id='word_1_222' title='bbox 685 3774 773 3831; x_wconf 88' lang='lat' dir='ltr'><strong>solito</strong></span> <span class='ocrx_word' id='word_1_223' title='bbox 796 3778 971 3845; x_wconf 83' lang='lat' dir='ltr'><strong>reponatur;</strong></span> <span class='ocrx_word' id='word_1_224' title='bbox 998 3776 1127 3847; x_wconf 80' lang='lat' dir='ltr'><strong>praeiatoe</strong></span> <span class='ocrx_word' id='word_1_225' title='bbox 1147 3793 1216 3831; x_wconf 86' lang='lat' dir='ltr'><strong>vero</strong></span> 
     </span>
     <span class='ocr_line' id='line_1_30' title="bbox 166 3860 1216 3930; baseline -0.003 -15"><span class='ocrx_word' id='word_1_226' title='bbox 166 3862 185 3886; x_wconf 90' lang='lat'>“</span> <span class='ocrx_word' id='word_1_227' title='bbox 204 3860 286 3916; x_wconf 76' lang='lat' dir='ltr'><strong>cistas</strong></span> <span class='ocrx_word' id='word_1_228' title='bbox 310 3877 399 3914; x_wconf 88' lang='lat' dir='ltr'><strong>unam</strong></span> <span class='ocrx_word' id='word_1_229' title='bbox 426 3860 540 3916; x_wconf 86' lang='lat' dir='ltr'><strong>clavem</strong></span> <span class='ocrx_word' id='word_1_230' title='bbox 566 3875 656 3930; x_wconf 89' lang='lat' dir='ltr'><strong>penes</strong></span> <span class='ocrx_word' id='word_1_231' title='bbox 682 3876 735 3914; x_wconf 91' lang='lat' dir='ltr'><strong>nos</strong></span> <span class='ocrx_word' id='word_1_232' title='bbox 760 3863 790 3913; x_wconf 93' lang='lat' dir='ltr'><strong>et</strong></span> <span class='ocrx_word' id='word_1_233' title='bbox 808 3874 994 3914; x_wconf 87' lang='lat' dir='ltr'><strong>successores</strong></span> <span class='ocrx_word' id='word_1_234' title='bbox 1019 3862 1144 3922; x_wconf 90' lang='lat' dir='ltr'><strong>nostros,</strong></span> <span class='ocrx_word' id='word_1_235' title='bbox 1164 3863 1216 3912; x_wconf 88' lang='lat' dir='ltr'><strong>aut</strong></span> 
     </span>
     <span class='ocr_line' id='line_1_31' title="bbox 165 3940 1217 4014; baseline -0.003 -16"><span class='ocrx_word' id='word_1_236' title='bbox 165 3946 185 3971; x_wconf 87' lang='lat'><strong>“</strong></span> <span class='ocrx_word' id='word_1_237' title='bbox 203 3941 452 4000; x_wconf 82' lang='lat' dir='ltr'><strong>Archidiaconum</strong></span> <span class='ocrx_word' id='word_1_238' title='bbox 478 3948 623 4008; x_wconf 84' lang='lat' dir='ltr'><strong>nostrum,</strong></span> <span class='ocrx_word' id='word_1_239' title='bbox 648 3943 737 3998; x_wconf 87' lang='lat' dir='ltr'><strong>aliam</strong></span> <span class='ocrx_word' id='word_1_240' title='bbox 765 3959 856 4014; x_wconf 89' lang='lat' dir='ltr'><strong>penes</strong></span> <span class='ocrx_word' id='word_1_241' title='bbox 882 3942 989 3998; x_wconf 86' lang='lat' dir='ltr'><strong>fratres</strong></span> <span class='ocrx_word' id='word_1_242' title='bbox 1015 3940 1156 4011; x_wconf 79' lang='lat' dir='ltr'><strong>leprosos,</strong></span> <span class='ocrx_word' id='word_1_243' title='bbox 1186 3946 1217 3995; x_wconf 89' lang='lat' dir='ltr'><strong>et</strong></span> 
     </span>
     <span class='ocr_line' id='line_1_32' title="bbox 165 4025 1213 4099; baseline -0.005 -17"><span class='ocrx_word' id='word_1_244' title='bbox 165 4027 325 4083; x_wconf 89' lang='lat' dir='ltr'><strong>“tertiam</strong></span> <span class='ocrx_word' id='word_1_245' title='bbox 356 4045 445 4099; x_wconf 87' lang='lat' dir='ltr'><strong>penes</strong></span> <span class='ocrx_word' id='word_1_246' title='bbox 480 4026 663 4098; x_wconf 86' lang='lat' dir='ltr'><strong>Magistrum</strong></span> <span class='ocrx_word' id='word_1_247' title='bbox 687 4026 852 4097; x_wconf 82' lang='lat' dir='ltr'><strong>hospitalis,</strong></span> <span class='ocrx_word' id='word_1_248' title='bbox 884 4025 1022 4079; x_wconf 86' lang='lat' dir='ltr'><strong>volumus</strong></span> <span class='ocrx_word' id='word_1_249' title='bbox 1051 4040 1213 4078; x_wconf 86' lang='lat' dir='ltr'><strong>remanere.</strong></span> 
     </span>
     <span class='ocr_line' id='line_1_33' title="bbox 166 4106 1214 4182; baseline -0.005 -15"><span class='ocrx_word' id='word_1_250' title='bbox 166 4109 346 4180; x_wconf 78' lang='lat' dir='ltr'><strong>“Quotiens</strong></span> <span class='ocrx_word' id='word_1_251' title='bbox 365 4128 437 4167; x_wconf 82' lang='lat' dir='ltr'><strong>vero</strong></span> <span class='ocrx_word' id='word_1_252' title='bbox 460 4109 574 4182; x_wconf 86' lang='lat' dir='ltr'><strong>aliquid</strong></span> <span class='ocrx_word' id='word_1_253' title='bbox 591 4110 683 4165; x_wconf 86' lang='lat' dir='ltr'><strong>fuerit</strong></span> <span class='ocrx_word' id='word_1_254' title='bbox 708 4124 776 4163; x_wconf 91' lang='lat' dir='ltr'><strong>cum</strong></span> <span class='ocrx_word' id='word_1_255' title='bbox 800 4108 879 4162; x_wconf 90' lang='lat' dir='ltr'><strong>dicto</strong></span> <span class='ocrx_word' id='word_1_256' title='bbox 905 4107 1004 4178; x_wconf 89' lang='lat' dir='ltr'><strong>sigillo</strong></span> <span class='ocrx_word' id='word_1_257' title='bbox 1028 4106 1214 4177; x_wconf 84' lang='lat' dir='ltr'><strong>signandum,</strong></span> 
     </span>
     <span class='ocr_line' id='line_1_34' title="bbox 165 4190 1215 4268; baseline -0.005 -17"><span class='ocrx_word' id='word_1_258' title='bbox 165 4197 185 4224; x_wconf 91' lang='grc'>“</span> <span class='ocrx_word' id='word_1_259' title='bbox 205 4212 294 4268; x_wconf 90' lang='lat' dir='ltr'><strong>snper</strong></span> <span class='ocrx_word' id='word_1_260' title='bbox 311 4194 364 4250; x_wconf 91' lang='lat' dir='ltr'><strong>illo</strong></span> <span class='ocrx_word' id='word_1_261' title='bbox 381 4196 459 4252; x_wconf 87' lang='lat' dir='ltr'><strong>inter</strong></span> <span class='ocrx_word' id='word_1_262' title='bbox 477 4197 584 4251; x_wconf 83' lang='lat' dir='ltr'><strong>fratres</strong></span> <span class='ocrx_word' id='word_1_263' title='bbox 602 4193 735 4264; x_wconf 87' lang='lat' dir='ltr'><strong>leprosos</strong></span> <span class='ocrx_word' id='word_1_264' title='bbox 754 4197 785 4247; x_wconf 89' lang='lat' dir='ltr'><strong>et</strong></span> <span class='ocrx_word' id='word_1_265' title='bbox 802 4191 968 4262; x_wconf 88' lang='lat' dir='ltr'><strong>capellanos</strong></span> <span class='ocrx_word' id='word_1_266' title='bbox 983 4190 1121 4246; x_wconf 89' lang='lat' dir='ltr'><strong>solemnis</strong></span> <span class='ocrx_word' id='word_1_267' title='bbox 1140 4198 1215 4246; x_wconf 86' lang='lat' dir='ltr'><strong>trac·</strong></span> 
     </span>
     <span class='ocr_line' id='line_1_35' title="bbox 165 4274 1216 4352; baseline -0.005 -17"><span class='ocrx_word' id='word_1_268' title='bbox 165 4281 185 4307; x_wconf 91' lang='grc'>“</span> <span class='ocrx_word' id='word_1_269' title='bbox 203 4285 283 4335; x_wconf 83' lang='lat' dir='ltr'><strong>tatus</strong></span> <span class='ocrx_word' id='word_1_270' title='bbox 301 4280 440 4352; x_wconf 90' lang='lat' dir='ltr'><strong>primitus</strong></span> <span class='ocrx_word' id='word_1_271' title='bbox 458 4279 611 4342; x_wconf 87' lang='lat' dir='ltr'><strong>habeatur,</strong></span> <span class='ocrx_word' id='word_1_272' title='bbox 625 4283 661 4334; x_wconf 87' lang='lat' dir='ltr'><strong>ut</strong></span> <span class='ocrx_word' id='word_1_273' title='bbox 679 4276 757 4347; x_wconf 86' lang='lat' dir='ltr'><strong>qnod</strong></span> <span class='ocrx_word' id='word_1_274' title='bbox 775 4275 813 4330; x_wconf 88' lang='lat' dir='ltr'><strong>ad</strong></span> <span class='ocrx_word' id='word_1_275' title='bbox 830 4292 931 4330; x_wconf 85' lang='lat' dir='ltr'><strong>omnes</strong></span> <span class='ocrx_word' id='word_1_276' title='bbox 950 4274 1112 4329; x_wconf 87' lang='lat' dir='ltr'><strong>dinoscitur</strong></span> <span class='ocrx_word' id='word_1_277' title='bbox 1126 4276 1216 4346; x_wconf 88' lang='lat' dir='ltr'><strong>perti·</strong></span> 
     </span>
     <span class='ocr_line' id='line_1_36' title="bbox 165 4363 727 4436; baseline -0.005 -17"><span class='ocrx_word' id='word_1_278' title='bbox 165 4366 185 4392; x_wconf 83' lang='lat'><strong>‘⁴</strong></span> <span class='ocrx_word' id='word_1_279' title='bbox 203 4380 284 4430; x_wconf 90' lang='lat' dir='ltr'><strong>nere,</strong></span> <span class='ocrx_word' id='word_1_280' title='bbox 304 4365 341 4420; x_wconf 87' lang='lat' dir='ltr'><strong>ab</strong></span> <span class='ocrx_word' id='word_1_281' title='bbox 358 4365 493 4420; x_wconf 90' lang='lat' dir='ltr'><strong>omnibus</strong></span> <span class='ocrx_word' id='word_1_282' title='bbox 512 4363 727 4436; x_wconf 82' lang='lat' dir='ltr'><strong>comprobetur.</strong></span> 
     </span>
    </p>
   </div>
   <div class='ocr_carea' id='block_1_8' title="bbox 164 4537 266 4545">
    <p class='ocr_par' dir='ltr' id='par_1_8' title="bbox 164 4537 266 4545">
     <span class='ocr_line' id='line_1_37' title="bbox 164 4537 266 4545; baseline 0 0"><span class='ocrx_word' id='word_1_283' title='bbox 164 4537 266 4545; x_wconf 46' lang='grc' dir='ltr'>...φ-</span> 
     </span>
    </p>
   </div>
   <div class='ocr_carea' id='block_1_9' title="bbox 198 4641 1081 4785">
    <p class='ocr_par' dir='ltr' id='par_1_9' title="bbox 198 4641 1081 4785">
     <span class='ocr_line' id='line_1_38' title="bbox 198 4641 916 4712; baseline -0.013 -12"><span class='ocrx_word' id='word_1_284' title='bbox 198 4648 460 4700; x_wconf 56' lang='lat' dir='ltr'><strong>memorialis.</strong></span> <span class='ocrx_word' id='word_1_285' title='bbox 675 4647 680 4712; x_wconf 83' lang='grc' dir='ltr'>Ι</span> <span class='ocrx_word' id='word_1_286' title='bbox 727 4641 916 4694; x_wconf 61' lang='grc' dir='ltr'><strong>πειέιαὶιιΜΒ.</strong></span> 
     </span>
     <span class='ocr_line' id='line_1_39' title="bbox 994 4725 1081 4785; baseline 0.011 -1"><span class='ocrx_word' id='word_1_287' title='bbox 994 4725 1081 4785; x_wconf 81' lang='lat'><strong>112</strong></span> 
     </span>
    </p>
   </div>
   <div class='ocr_carea' id='block_1_10' title="bbox 0 0 1533 5452">
    <p class='ocr_par' dir='ltr' id='par_1_10' title="bbox 0 0 1533 5452">
     <span class='ocr_line' id='line_1_40' title="bbox 0 0 1533 5452; baseline 0 0"><span class='ocrx_word' id='word_1_288' title='bbox 0 0 1533 5452; x_wconf 95' lang='lat' dir='ltr'><strong> </strong></span> 
     </span>
    </p>
   </div>
  </div>
 </body>
</html>
