3038 5452
326 687 391 749 162
708 700 812 749 cama
836 701 998 751 sanium

205 947 267 998 etth

191 880 280 944 Hugh.
324 885 506 959 tractanda,
528 885 630 950 breve
646 885 746 972 Regis
768 886 929 951 directum
947 885 1074 950 Abbati
1097 885 1376 972 impetraverunt,

188 1013 286 1077 Am,
324 986 386 1051 sub
409 987 609 1072 fo1maquae
632 988 844 1072 sequitur:—

199 1079 267 1131 AD.

175 1150 295 1199 leot-m
326 1177 345 1200 u

324 1260 345 1368 ζ’
363 1257 486 1325 Albano,
515 1259 648 1314 salutem.
697 1258 741 1312 Ex
768 1264 851 1328 parte
876 1258 1070 1329 burgensium
1096 1256 1177 1312 ville
1200 1256 1237 1312 de
1264 1254 1379 1312 Sancto

154 1345 273 1397 obtained
336 1343 344 1367 ‘

154 1278 224 1330 writ

362 1092 382 1118 ‘⁸
395 1089 566 1155 Edwardus,
586 1089 643 1145 Dei
661 1090 767 1162 gratia,
793 1089 857 1147 Rex
879 1088 1007 1160 Angliur,
1034 1089 1179 1147 Dominus
1204 1088 1377 1155 Hibernia,

365 1180 395 1228 et
413 1174 480 1230 Dux
496 1174 693 1246 Aquitanniae,
713 1174 820 1229 dilecto
838 1174 895 1231 sibi
913 1174 945 1227 in
963 1172 1082 1229 Christo
1093 1172 1202 1229 Abbati
1213 1172 1252 1229 de
1265 1172 1379 1229 Sancto

361 1341 475 1396 Albano
498 1342 583 1396 nobis
607 1347 653 1396 est
676 1347 836 1406 ostensum,
858 1341 935 1412 quod
953 1359 1021 1396 cum
1038 1341 1098 1413 ipsi
1116 1341 1260 1412 quasdam
1283 1340 1378 1395 liber·

324 1428 343 1454 ‘⁸
362 1432 436 1481 tates
461 1431 492 1480 et
513 1426 622 1481 liberas
649 1425 874 1481 consuetudines
892 1426 923 1480 in
940 1425 1014 1481 villa
1036 1425 1178 1497 praedicta
1194 1426 1305 1481 habere
1323 1423 1378 1479 de-

281 1496 300 1545 3
324 1512 343 1537 “
362 1510 466 1575 beant;
486 1510 591 1579 stipsi
609 1516 639 1564 et
657 1516 856 1565 antecessores
874 1509 931 1573 sui,
949 1509 1111 1579 burgenses
1129 1508 1265 1579 ejusdem
1281 1506 1378 1571 villo,

323 1597 342 1620 “
360 1594 510 1649 libertates
529 1593 597 1649 illas
616 1600 646 1648 et
663 1593 772 1649 liberes
797 1592 1031 1657 consuetudines,
1051 1612 1069 1649 a
1086 1600 1217 1664 tempore
1235 1609 1297 1665 quo
1313 1609 1377 1649 non

231 1744 237 1757 ι
323 1681 341 1703 “
362 1686 441 1733 extat
461 1677 613 1742 memoria,
635 1696 750 1749 semper
776 1678 917 1733 hactenus
943 1676 1051 1731 ibidem
1078 1677 1185 1733 habere
1212 1693 1376 1732 consueve-

323 1765 342 1787 “
361 1767 536 1817 runtz-vos
566 1762 764 1827 nihilominus,
791 1768 821 1816 ct
850 1761 950 1816 ballivi
980 1761 1081 1827 vestri,
1110 1762 1191 1817 villae
1220 1760 1376 1833 predicta

153 1810 297 1876 enjoyment
322 1849 341 1872 „

155 1875 184 1925 of
191 1877 257 1928 their

154 1942 271 1996 liberties.

361 1846 440 1917 ipsos
463 1847 636 1915 burgenses,
657 1847 812 1917 quominus
836 1845 1023 1901 libertatibus
1041 1852 1072 1902 et
1088 1845 1190 1900 liberis
1214 1848 1376 1900 consuetu·

322 1934 341 1959 “
360 1930 477 1985 dinibus
491 1931 552 1984 suis
565 1929 728 2000 praedictis¹
741 1931 772 1984 in
784 1929 885 1985 eadem
897 1930 978 1996 villa,
993 1930 1070 1985 sicut
1087 1930 1130 1985 eis
1148 1930 1193 1985 uti
1209 1929 1329 1994 debent,
1344 1934 1378 1984 et

324 2017 342 2042 “
362 2014 420 2087 ipsi
438 2020 469 2068 et
486 2021 685 2070 antecessores
698 2015 745 2070 sui
757 2033 775 2070 a
785 2019 917 2085 tempore
932 2014 1073 2085 predicto
1091 2015 1244 2085 hueusque
1258 2012 1377 2069 ibidem

324 2101 342 2124 “
362 2100 407 2154 eis
424 2098 468 2152 uti
493 2105 717 2162 consueverunt,
731 2099 895 2153 molestetis
919 2104 949 2153 et
971 2097 1178 2171 multipliciter
1195 2097 1377 2168 inquietatis

324 2185 342 2207 “
362 2182 459 2237 minus
473 2182 563 2253 juste,
579 2182 610 2239 in
627 2182 757 2254 ipsorum
769 2182 961 2253 burgensium
979 2182 1118 2237 damnum
1134 2200 1192 2236 non
1209 2180 1375 2246 modicam,

326 2268 344 2290 ‘⁴
364 2269 395 2318 et
418 2270 520 2319 eontra
542 2274 673 2320 tenorem
696 2264 814 2335 Magnae
839 2264 955 2320 Chartoe
980 2265 1016 2319 de
1033 2264 1222 2321 libertatibus
1239 2264 1377 2337 Anglias,

326 2351 345 2375 ‘'
365 2366 452 2420 quam
470 2349 501 2402 in
520 2350 654 2404 omnibus
678 2356 708 2404 et
734 2349 860 2420 singulis
885 2349 947 2404 suis
971 2349 1104 2404 articulis
1129 2349 1256 2404 firmiter
1273 2354 1304 2404 et
1329 2349 1378 2404 in·

325 2435 344 2459 ‘⁶
364 2432 543 2488 m'olabiliter
565 2433 714 2488 observari
738 2434 884 2488 volumus.
937 2432 1057 2504 Inque
1089 2432 1265 2497 continetur,
1291 2432 1378 2504 quod
1463 2490 1467 2503 ,

325 2519 344 2541 ·‘
364 2535 463 2573 omnes
484 2517 630 2581 civitates,
656 2518 754 2587 burgi,
774 2523 804 2572 et
827 2517 916 2582 villae,
942 2517 1069 2573 habeant
1092 2534 1193 2573 omnes
1217 2517 1376 2573 libert-tes

326 2608 344 2625 '⁶
364 2607 393 2655 et
411 2601 520 2655 liberas
539 2601 764 2656 eonsuetudines
783 2619 862 2657 suas.
899 2601 939 2657 Et
956 2601 1025 2672 quia
1042 2601 1178 2657 nolumus
1198 2601 1278 2672 quod
1295 2618 1376 2673 pras·

325 2692 343 2708 ⁸·
363 2683 450 2739 die-tis
469 2685 666 2755 burgensibus
685 2685 841 2754 injurietur
859 2685 891 2739 iu
909 2686 963 2739 hac
981 2691 1074 2756 parte,
1092 2685 1176 2739 vobis
1194 2685 1376 2741 mandamus

326 2771 344 2793 ‘⁶
364 2767 441 2838 quod
465 2768 492 2822 si
514 2769 557 2823 itu
581 2774 635 2831 est,
653 2773 722 2823 tunc
747 2769 783 2822 ab
807 2768 977 2839 hqjusmodi
1002 2768 1255 2824 molestationibus
1274 2775 1305 2824 et
1329 2770 1377 2824 in·

325 2852 344 2877 “
363 2851 591 2922 quietationibus
609 2849 756 2921 'prietatis
774 2851 981 2922 burgensibus,
1000 2868 1088 2922 snper
1111 2851 1298 2908 libertatibus
1318 2868 1376 2909 seu

325 2940 344 2961 “
362 2935 463 2991 liberis
488 2935 758 2999 consuetudinibus,
781 2935 951 3000 inferendis,
980 2936 1096 3005 penitus
1126 2934 1314 3001 desistentes,
1343 2942 1377 2992 et

326 3028 344 3045 ⁸·
363 3019 486 3074 ballivos
504 3026 619 3075 vestros
638 3019 718 3074 villas
735 3019 883 3090 pradictus
903 3019 1039 3074 similiter
1058 3019 1201 3074 desistere
1219 3020 1375 3085 facientes,

325 3107 343 3129 ‘⁶
363 3103 441 3175 ipsos
460 3105 621 3173 burgenses
645 3103 831 3159 libertatibus
850 3110 880 3159 et
897 3103 999 3158 liberis
1023 3102 1283 3159 consuetudinibus
1307 3104 1375 3160 suis

326 3192 344 3212 “
364 3188 521 3259 predictis.
540 3189 615 3244 sieut
639 3189 681 3243 eis
706 3188 737 3242 in
755 3188 828 3243 tilla
845 3187 985 3259 praedicta
1009 3187 1053 3241 uti
1077 3188 1194 3253 debent,
1215 3194 1245 3243 et
1263 3188 1323 3260 ipsi
1343 3194 1376 3245 et

326 3274 344 3296 “
364 3278 561 3327 antecessores
581 3272 636 3337 sui,
665 3273 827 3343 burgenses
855 3271 987 3343 ejusdem
1011 3272 1101 3336 villar,
1119 3272 1163 3327 eis
1189 3271 1300 3327 ibidem
1326 3273 1373 3329 uti

326 3356 345 3378 “
365 3360 585 3413 consueverunt.
604 3356 647 3409 uti
676 3362 707 3410 et
732 3356 870 3426 gaudere,
895 3356 1005 3426 absque
1034 3356 1244 3427 impedimento
1270 3357 1374 3428 aliquo

325 3438 343 3461 “
362 3438 549 3505 permittatis.
599 3438 686 3493 'Peste
704 3441 825 3509 meipso,
846 3438 925 3510 apud
942 3439 1247 3505 westmonasterium,
1267 3446 1372 3497 octavo

327 3522 344 3543 ⁸¹
364 3518 412 3573 die
430 3520 593 3585 Februarii,
614 3540 687 3575 anno
705 3523 790 3592 regni
808 3524 901 3578 nostri
922 3523 1048 3595 prim0.”

326 3707 427 3775 Breve
451 3711 551 3795 Regis
576 3712 801 3778 Tbearururio
823 3721 853 3780 et
877 3714 1072 3780 Caruerurio
1095 3713 1276 3794 Scocccris',
1303 3736 1370 3803 pro

415 3811 623 3879 libertatibus
652 3814 861 3881 eilia-norum
890 3816 1137 3902 predictorum
1162 3815 1292 3883 itidem
1313 3817 1368 3883 io·

415 3916 602 4001 quiremiie,
626 3924 656 3982 el
676 3917 780 3983 eidem
806 3918 1041 4004 reedificandis.

158 4074 224 4125 Writ

158 4142 287 4208 enjoiniug
327 4150 345 4172 ⁴·

157 4207 302 4269 inquisition
327 4236 345 4257 ι.

157 4273 184 4323 iu
194 4275 297 4325 llomes-

157 4341 283 4405 dayasto
327 4324 344 4341 ..

363 4068 381 4090 '⁴
395 4062 565 4121 Edwardus,
586 4063 642 4118 Dei
663 4066 768 4136 gultis.
794 4066 856 4121 Rex
881 4067 1007 4138 Anglioe.
1034 4067 1177 4122 Dominus
1205 4067 1366 4131 Hiberniae,

366 4152 396 4202 et
414 4146 480 4202 Dux
504 4148 699 4218 Aquitanuise.
724 4149 918 4205 Thesaururio
945 4162 976 4206 et
1000 4151 1168 4206 Camerario
1192 4152 1265 4218 suis,
1291 4152 1367 4208 salu·

365 4242 434 4288 tem.
470 4231 609 4287 l'oleutes
633 4233 806 4303 quibusdam
825 4234 913 4290 certis
932 4234 968 4289 de
985 4235 1081 4289 causis
1099 4235 1253 4291 certiorari
1270 4244 1366 4293 nuum

364 4315 435 4369 silis
459 4315 495 4369 do
517 4316 623 4371 Sancto
641 4317 755 4372 Albano
779 4318 819 4372 sit-
842 4318 916 4372 liber
939 4318 1062 4390 burgus,
1081 4332 1112 4374 et
1135 4319 1268 4375 homines
1292 4320 1369 4392 ejus·

357 4534 364 4565 ¹
376 4532 433 4582 'rte
443 4534 513 4582 word
531 4536 676 4582 “nieuw''
695 4536 717 4583 is
733 4534 822 4599 pulla·
900 4536 1029 4601 ‘enitatis
1040 4538 1067 4585 in
1079 4537 1135 4588 MS.

323 4612 367 4677 tly
375 4610 478 4661 united
489 4610 558 4662 bem.
