<?xml version="1.0" encoding="UTF-8"?>
<!DOCTYPE html PUBLIC "-//W3C//DTD XHTML 1.0 Transitional//EN"
    "http://www.w3.org/TR/xhtml1/DTD/xhtml1-transitional.dtd">
<html xmlns="http://www.w3.org/1999/xhtml" xml:lang="en" lang="en">
 <head>
  <title>
</title>
<meta http-equiv="Content-Type" content="text/html;charset=utf-8" />
  <meta name='ocr-system' content='tesseract 3.04.00' />
  <meta name='ocr-capabilities' content='ocr_page ocr_carea ocr_par ocr_line ocrx_word'/>
</head>
<body>
  <div class='ocr_page' id='page_1' title='image "./gestaabbatummon00parigoog_0357.png"; bbox 0 0 3038 5452; ppageno 0'>
   <div class='ocr_carea' id='block_1_1' title="bbox 300 665 960 748">
    <p class='ocr_par' dir='ltr' id='par_1_1' title="bbox 300 665 960 748">
     <span class='ocr_line' id='line_1_1' title="bbox 300 665 960 748; baseline 0.005 -20"><span class='ocrx_word' id='word_1_1' title='bbox 300 665 383 748; x_wconf 29' lang='lat'><strong>328,</strong></span> <span class='ocrx_word' id='word_1_2' title='bbox 667 675 773 726; x_wconf 74' lang='lat' dir='ltr'><strong>nnsis</strong></span> <span class='ocrx_word' id='word_1_3' title='bbox 793 676 960 731; x_wconf 74' lang='lat' dir='ltr'><strong>scansus</strong></span> 
     </span>
    </p>
   </div>
   <div class='ocr_carea' id='block_1_2' title="bbox 158 856 1348 1054">
    <p class='ocr_par' dir='ltr' id='par_1_2' title="bbox 158 856 1348 1054">
     <span class='ocr_line' id='line_1_2' title="bbox 158 856 1346 931; baseline 0.006 -14"><span class='ocrx_word' id='word_1_4' title='bbox 158 856 278 921; x_wconf 64' lang='lat' dir='ltr'><strong>Miehsseb</strong></span> <span class='ocrx_word' id='word_1_5' title='bbox 303 867 322 893; x_wconf 88' lang='lat'><strong>“</strong></span> <span class='ocrx_word' id='word_1_6' title='bbox 341 866 423 920; x_wconf 89' lang='lat' dir='ltr'><strong>lclmi</strong></span> <span class='ocrx_word' id='word_1_7' title='bbox 438 871 468 921; x_wconf 87' lang='lat' dir='ltr'><strong>et</strong></span> <span class='ocrx_word' id='word_1_8' title='bbox 483 865 777 931; x_wconf 67' lang='lat' dir='ltr'><strong>Eleum-reddendo</strong></span> <span class='ocrx_word' id='word_1_9' title='bbox 797 866 864 921; x_wconf 90' lang='lat' dir='ltr'><strong>inde</strong></span> <span class='ocrx_word' id='word_1_10' title='bbox 881 867 1032 922; x_wconf 74' lang='lat' dir='ltr'><strong>annuatim</strong></span> <span class='ocrx_word' id='word_1_11' title='bbox 1051 866 1162 924; x_wconf 82' lang='lat' dir='ltr'><strong>Abbati</strong></span> <span class='ocrx_word' id='word_1_12' title='bbox 1182 866 1221 923; x_wconf 89' lang='lat' dir='ltr'><strong>de</strong></span> <span class='ocrx_word' id='word_1_13' title='bbox 1242 867 1346 924; x_wconf 79' lang='lat' dir='ltr'><strong>Sancto</strong></span> 
     </span>
     <span class='ocr_line' id='line_1_3' title="bbox 161 925 1348 1054; baseline 0.004 -53"><span class='ocrx_word' id='word_1_14' title='bbox 161 925 258 1054; x_wconf 25' lang='lat' dir='ltr'><strong>iffi&amp;</strong></span> <span class='ocrx_word' id='word_1_15' title='bbox 303 952 322 977; x_wconf 88' lang='lat'>“</span> <span class='ocrx_word' id='word_1_16' title='bbox 342 949 463 1014; x_wconf 85' lang='lat' dir='ltr'><strong>Albano,</strong></span> <span class='ocrx_word' id='word_1_17' title='bbox 483 957 513 1005; x_wconf 86' lang='lat' dir='ltr'><strong>et</strong></span> <span class='ocrx_word' id='word_1_18' title='bbox 536 949 753 1006; x_wconf 87' lang='lat' dir='ltr'><strong>successoribus</strong></span> <span class='ocrx_word' id='word_1_19' title='bbox 773 951 844 1013; x_wconf 88' lang='lat' dir='ltr'><strong>suis,</strong></span> <span class='ocrx_word' id='word_1_20' title='bbox 867 950 990 1008; x_wconf 87' lang='lat' dir='ltr'><strong>durante</strong></span> <span class='ocrx_word' id='word_1_21' title='bbox 1014 953 1076 1008; x_wconf 83' lang='lat' dir='ltr'><strong>vite</strong></span> <span class='ocrx_word' id='word_1_22' title='bbox 1097 952 1257 1008; x_wconf 89' lang='lat' dir='ltr'><strong>eorundem</strong></span> <span class='ocrx_word' id='word_1_23' title='bbox 1279 951 1348 1008; x_wconf 88' lang='lat' dir='ltr'><strong>Wil-</strong></span> 
     </span>
    </p>
   </div>
   <div class='ocr_carea' id='block_1_3' title="bbox 152 1034 1350 4458">
    <p class='ocr_par' dir='ltr' id='par_1_3' title="bbox 152 1034 1350 4458">
     <span class='ocr_line' id='line_1_4' title="bbox 178 1034 1346 1107; baseline 0.003 -20"><span class='ocrx_word' id='word_1_24' title='bbox 178 1057 246 1107; x_wconf 50' lang='lat' dir='ltr'><strong>M),</strong></span> <span class='ocrx_word' id='word_1_25' title='bbox 304 1037 323 1060; x_wconf 82' lang='lat'><strong>‘⁴</strong></span> <span class='ocrx_word' id='word_1_26' title='bbox 342 1034 423 1089; x_wconf 87' lang='lat' dir='ltr'><strong>lelmi</strong></span> <span class='ocrx_word' id='word_1_27' title='bbox 436 1040 466 1090; x_wconf 87' lang='lat' dir='ltr'><strong>et</strong></span> <span class='ocrx_word' id='word_1_28' title='bbox 481 1035 591 1098; x_wconf 81' lang='lat' dir='ltr'><strong>Eleum,</strong></span> <span class='ocrx_word' id='word_1_29' title='bbox 612 1035 769 1090; x_wconf 73' lang='lat' dir='ltr'><strong>tresdecim</strong></span> <span class='ocrx_word' id='word_1_30' title='bbox 786 1035 905 1100; x_wconf 90' lang='lat' dir='ltr'><strong>solidos,</strong></span> <span class='ocrx_word' id='word_1_31' title='bbox 919 1042 1045 1107; x_wconf 87' lang='lat' dir='ltr'><strong>quatuor</strong></span> <span class='ocrx_word' id='word_1_32' title='bbox 1061 1036 1207 1101; x_wconf 86' lang='lat' dir='ltr'><strong>denarios,</strong></span> <span class='ocrx_word' id='word_1_33' title='bbox 1223 1036 1346 1099; x_wconf 89' lang='lat' dir='ltr'><strong>obolum,</strong></span> 
     </span>
     <span class='ocr_line' id='line_1_5' title="bbox 152 1119 1350 1190; baseline -0.003 -12"><span class='ocrx_word' id='word_1_34' title='bbox 152 1127 273 1178; x_wconf 69' lang='lat' dir='ltr'><strong>lats-49.</strong></span> <span class='ocrx_word' id='word_1_35' title='bbox 303 1122 322 1145; x_wconf 80' lang='lat'><strong>‘⁶</strong></span> <span class='ocrx_word' id='word_1_36' title='bbox 343 1119 543 1190; x_wconf 77' lang='lat' dir='ltr'><strong>quadrantem,</strong></span> <span class='ocrx_word' id='word_1_37' title='bbox 568 1119 606 1174; x_wconf 88' lang='lat' dir='ltr'><strong>ad</strong></span> <span class='ocrx_word' id='word_1_38' title='bbox 629 1126 754 1189; x_wconf 85' lang='lat' dir='ltr'><strong>quatuor</strong></span> <span class='ocrx_word' id='word_1_39' title='bbox 778 1119 845 1173; x_wconf 87' lang='lat' dir='ltr'><strong>anni</strong></span> <span class='ocrx_word' id='word_1_40' title='bbox 870 1121 1011 1177; x_wconf 89' lang='lat' dir='ltr'><strong>terminos</strong></span> <span class='ocrx_word' id='word_1_41' title='bbox 1033 1121 1065 1176; x_wconf 89' lang='lat' dir='ltr'><strong>in</strong></span> <span class='ocrx_word' id='word_1_42' title='bbox 1090 1121 1164 1176; x_wconf 86' lang='lat' dir='ltr'><strong>villa</strong></span> <span class='ocrx_word' id='word_1_43' title='bbox 1180 1121 1219 1177; x_wconf 91' lang='lat' dir='ltr'><strong>de</strong></span> <span class='ocrx_word' id='word_1_44' title='bbox 1241 1121 1350 1176; x_wconf 84' lang='lat' dir='ltr'><strong>Barnet</strong></span> 
     </span>
     <span class='ocr_line' id='line_1_6' title="bbox 177 1203 1348 1276; baseline 0.004 -21"><span class='ocrx_word' id='word_1_45' title='bbox 177 1212 244 1230; x_wconf 85' lang='lat'>····</span> <span class='ocrx_word' id='word_1_46' title='bbox 303 1205 322 1230; x_wconf 91' lang='lat'><em>“</em></span> <span class='ocrx_word' id='word_1_47' title='bbox 341 1203 476 1269; x_wconf 79' lang='lat' dir='ltr'><strong>usuales3</strong></span> <span class='ocrx_word' id='word_1_48' title='bbox 497 1209 591 1274; x_wconf 88' lang='lat' dir='ltr'><strong>etpro</strong></span> <span class='ocrx_word' id='word_1_49' title='bbox 609 1203 735 1273; x_wconf 86' lang='lat' dir='ltr'><strong>quadam</strong></span> <span class='ocrx_word' id='word_1_50' title='bbox 752 1203 854 1274; x_wconf 79' lang='lat' dir='ltr'><strong>places</strong></span> <span class='ocrx_word' id='word_1_51' title='bbox 869 1223 960 1275; x_wconf 85' lang='lat' dir='ltr'><strong>super</strong></span> <span class='ocrx_word' id='word_1_52' title='bbox 977 1206 1093 1276; x_wconf 86' lang='lat' dir='ltr'><strong>regiam</strong></span> <span class='ocrx_word' id='word_1_53' title='bbox 1112 1211 1237 1262; x_wconf 83' lang='lat' dir='ltr'><strong>stratam</strong></span> <span class='ocrx_word' id='word_1_54' title='bbox 1255 1205 1288 1260; x_wconf 89' lang='lat' dir='ltr'><strong>in</strong></span> <span class='ocrx_word' id='word_1_55' title='bbox 1304 1223 1348 1260; x_wconf 84' lang='lat' dir='ltr'><strong>ea·</strong></span> 
     </span>
     <span class='ocr_line' id='line_1_7' title="bbox 303 1287 1348 1361; baseline 0.002 -19"><span class='ocrx_word' id='word_1_56' title='bbox 303 1290 322 1314; x_wconf 77' lang='lat'><strong>‘⁴</strong></span> <span class='ocrx_word' id='word_1_57' title='bbox 341 1288 408 1342; x_wconf 93' lang='lat' dir='ltr'><strong>dem</strong></span> <span class='ocrx_word' id='word_1_58' title='bbox 425 1287 498 1343; x_wconf 88' lang='lat' dir='ltr'><strong>villa</strong></span> <span class='ocrx_word' id='word_1_59' title='bbox 515 1287 550 1341; x_wconf 94' lang='lat' dir='ltr'><strong>de</strong></span> <span class='ocrx_word' id='word_1_60' title='bbox 568 1305 643 1343; x_wconf 88' lang='lat' dir='ltr'><strong>novo</strong></span> <span class='ocrx_word' id='word_1_61' title='bbox 661 1287 813 1353; x_wconf 86' lang='lat' dir='ltr'><strong>aedificata,</strong></span> <span class='ocrx_word' id='word_1_62' title='bbox 833 1289 983 1344; x_wconf 86' lang='lat' dir='ltr'><strong>annuatim</strong></span> <span class='ocrx_word' id='word_1_63' title='bbox 1009 1295 1135 1361; x_wconf 86' lang='lat' dir='ltr'><strong>quatuor</strong></span> <span class='ocrx_word' id='word_1_64' title='bbox 1153 1289 1301 1354; x_wconf 79' lang='lat' dir='ltr'><strong>denarios,</strong></span> <span class='ocrx_word' id='word_1_65' title='bbox 1314 1289 1348 1344; x_wconf 83' lang='lat' dir='ltr'><strong>ad</strong></span> 
     </span>
     <span class='ocr_line' id='line_1_8' title="bbox 303 1371 1349 1445; baseline 0.003 -20"><span class='ocrx_word' id='word_1_66' title='bbox 303 1374 321 1398; x_wconf 91' lang='lat'><strong>“</strong></span> <span class='ocrx_word' id='word_1_67' title='bbox 341 1372 459 1427; x_wconf 88' lang='lat' dir='ltr'><strong>eosdem</strong></span> <span class='ocrx_word' id='word_1_68' title='bbox 476 1372 635 1437; x_wconf 88' lang='lat' dir='ltr'><strong>terminos;</strong></span> <span class='ocrx_word' id='word_1_69' title='bbox 655 1378 685 1428; x_wconf 89' lang='lat' dir='ltr'><strong>et</strong></span> <span class='ocrx_word' id='word_1_70' title='bbox 702 1371 740 1427; x_wconf 86' lang='lat' dir='ltr'><strong>ad</strong></span> <span class='ocrx_word' id='word_1_71' title='bbox 757 1372 964 1427; x_wconf 90' lang='lat' dir='ltr'><strong>inveniendum</strong></span> <span class='ocrx_word' id='word_1_72' title='bbox 982 1391 1036 1444; x_wconf 85' lang='lat' dir='ltr'><strong>pro</strong></span> <span class='ocrx_word' id='word_1_73' title='bbox 1054 1373 1186 1445; x_wconf 87' lang='lat' dir='ltr'><strong>quolibet</strong></span> <span class='ocrx_word' id='word_1_74' title='bbox 1198 1373 1349 1444; x_wconf 79' lang='lat' dir='ltr'><strong>mesuagio</strong></span> 
     </span>
     <span class='ocr_line' id='line_1_9' title="bbox 302 1455 1349 1525; baseline 0.003 -16"><span class='ocrx_word' id='word_1_75' title='bbox 302 1459 321 1482; x_wconf 80' lang='lat'><strong>‘⁴</strong></span> <span class='ocrx_word' id='word_1_76' title='bbox 341 1455 487 1510; x_wconf 87' lang='lat' dir='ltr'><strong>dictorum</strong></span> <span class='ocrx_word' id='word_1_77' title='bbox 505 1456 723 1525; x_wconf 77' lang='lat' dir='ltr'><strong>mesuagiomm</strong></span> <span class='ocrx_word' id='word_1_78' title='bbox 743 1474 835 1510; x_wconf 91' lang='lat' dir='ltr'><strong>unum</strong></span> <span class='ocrx_word' id='word_1_79' title='bbox 856 1456 1004 1512; x_wconf 89' lang='lat' dir='ltr'><strong>hominem</strong></span> <span class='ocrx_word' id='word_1_80' title='bbox 1024 1456 1061 1511; x_wconf 84' lang='lat' dir='ltr'><strong>nd</strong></span> <span class='ocrx_word' id='word_1_81' title='bbox 1079 1456 1252 1512; x_wconf 88' lang='lat' dir='ltr'><strong>metendum</strong></span> <span class='ocrx_word' id='word_1_82' title='bbox 1273 1455 1349 1512; x_wconf 86' lang='lat' dir='ltr'><strong>dioto</strong></span> 
     </span>
     <span class='ocr_line' id='line_1_10' title="bbox 302 1538 1350 1603; baseline 0.004 -11"><span class='ocrx_word' id='word_1_83' title='bbox 302 1541 321 1566; x_wconf 88' lang='lat'>“</span> <span class='ocrx_word' id='word_1_84' title='bbox 340 1538 458 1602; x_wconf 80' lang='lat' dir='ltr'>Abbati,</span> <span class='ocrx_word' id='word_1_85' title='bbox 480 1546 511 1593; x_wconf 89' lang='lat' dir='ltr'><strong>et</strong></span> <span class='ocrx_word' id='word_1_86' title='bbox 530 1540 747 1595; x_wconf 84' lang='lat' dir='ltr'><strong>successoribus</strong></span> <span class='ocrx_word' id='word_1_87' title='bbox 768 1541 840 1603; x_wconf 90' lang='lat' dir='ltr'><strong>suis,</strong></span> <span class='ocrx_word' id='word_1_88' title='bbox 852 1540 884 1594; x_wconf 90' lang='lat' dir='ltr'><strong>in</strong></span> <span class='ocrx_word' id='word_1_89' title='bbox 895 1541 1025 1596; x_wconf 87' lang='lat' dir='ltr'><strong>manerio</strong></span> <span class='ocrx_word' id='word_1_90' title='bbox 1044 1559 1097 1596; x_wconf 90' lang='lat' dir='ltr'><strong>sno</strong></span> <span class='ocrx_word' id='word_1_91' title='bbox 1118 1540 1155 1595; x_wconf 90' lang='lat' dir='ltr'><strong>de</strong></span> <span class='ocrx_word' id='word_1_92' title='bbox 1179 1541 1225 1596; x_wconf 77' lang='lat' dir='ltr'><strong>Isa</strong></span> <span class='ocrx_word' id='word_1_93' title='bbox 1242 1541 1350 1596; x_wconf 86' lang='lat' dir='ltr'><strong>Barnet</strong></span> 
     </span>
     <span class='ocr_line' id='line_1_11' title="bbox 302 1622 1349 1696; baseline 0.001 -19"><span class='ocrx_word' id='word_1_94' title='bbox 302 1625 321 1649; x_wconf 91' lang='lat'>“</span> <span class='ocrx_word' id='word_1_95' title='bbox 340 1623 489 1678; x_wconf 79' lang='lat' dir='ltr'><strong>annuatim</strong></span> <span class='ocrx_word' id='word_1_96' title='bbox 501 1623 531 1677; x_wconf 92' lang='lat' dir='ltr'><strong>in</strong></span> <span class='ocrx_word' id='word_1_97' title='bbox 550 1623 697 1677; x_wconf 78' lang='lat' dir='ltr'><strong>Autumno</strong></span> <span class='ocrx_word' id='word_1_98' title='bbox 718 1641 771 1694; x_wconf 86' lang='lat' dir='ltr'><strong>par</strong></span> <span class='ocrx_word' id='word_1_99' title='bbox 791 1642 882 1679; x_wconf 91' lang='lat' dir='ltr'><strong>unum</strong></span> <span class='ocrx_word' id='word_1_100' title='bbox 904 1624 992 1688; x_wconf 89' lang='lat' dir='ltr'><strong>diem,</strong></span> <span class='ocrx_word' id='word_1_101' title='bbox 1006 1624 1044 1679; x_wconf 84' lang='lat' dir='ltr'><strong>ad</strong></span> <span class='ocrx_word' id='word_1_102' title='bbox 1062 1624 1222 1696; x_wconf 84' lang='lat' dir='ltr'><strong>prandium</strong></span> <span class='ocrx_word' id='word_1_103' title='bbox 1234 1622 1349 1679; x_wconf 90' lang='lat' dir='ltr'><strong>Domini</strong></span> 
     </span>
     <span class='ocr_line' id='line_1_12' title="bbox 301 1707 1348 1779; baseline 0.002 -19"><span class='ocrx_word' id='word_1_104' title='bbox 301 1709 320 1734; x_wconf 79' lang='lat'><strong>‘⁶</strong></span> <span class='ocrx_word' id='word_1_105' title='bbox 340 1707 473 1771; x_wconf 83' lang='lat' dir='ltr'><strong>Abbatis,</strong></span> <span class='ocrx_word' id='word_1_106' title='bbox 502 1707 732 1778; x_wconf 82' lang='lat' dir='ltr'><strong>quandocunque</strong></span> <span class='ocrx_word' id='word_1_107' title='bbox 762 1708 954 1779; x_wconf 70' lang='lat' dir='ltr'><strong>praemunitus</strong></span> <span class='ocrx_word' id='word_1_108' title='bbox 990 1708 1080 1763; x_wconf 85' lang='lat' dir='ltr'><strong>fuerit</strong></span> <span class='ocrx_word' id='word_1_109' title='bbox 1114 1726 1169 1779; x_wconf 85' lang='lat' dir='ltr'><strong>per</strong></span> <span class='ocrx_word' id='word_1_110' title='bbox 1206 1707 1348 1763; x_wconf 77' lang='lat' dir='ltr'><strong>ballivum</strong></span> 
     </span>
     <span class='ocr_line' id='line_1_13' title="bbox 300 1790 1349 1864; baseline 0.001 -18"><span class='ocrx_word' id='word_1_111' title='bbox 300 1793 320 1818; x_wconf 87' lang='lat'><strong>“</strong></span> <span class='ocrx_word' id='word_1_112' title='bbox 339 1790 410 1848; x_wconf 88' lang='lat' dir='ltr'><strong>dicti</strong></span> <span class='ocrx_word' id='word_1_113' title='bbox 440 1791 580 1847; x_wconf 86' lang='lat' dir='ltr'><strong>Abbatis:</strong></span> <span class='ocrx_word' id='word_1_114' title='bbox 617 1798 648 1846; x_wconf 89' lang='lat' dir='ltr'><strong>et</strong></span> <span class='ocrx_word' id='word_1_115' title='bbox 675 1797 826 1863; x_wconf 69' lang='lat' dir='ltr'><strong>preterea,</strong></span> <span class='ocrx_word' id='word_1_116' title='bbox 856 1791 1020 1847; x_wconf 80' lang='lat' dir='ltr'><strong>faciendum</strong></span> <span class='ocrx_word' id='word_1_117' title='bbox 1039 1811 1093 1864; x_wconf 89' lang='lat' dir='ltr'><strong>pro</strong></span> <span class='ocrx_word' id='word_1_118' title='bbox 1113 1792 1247 1862; x_wconf 88' lang='lat' dir='ltr'><strong>quolibet</strong></span> <span class='ocrx_word' id='word_1_119' title='bbox 1272 1799 1349 1847; x_wconf 88' lang='lat' dir='ltr'><strong>tene·</strong></span> 
     </span>
     <span class='ocr_line' id='line_1_14' title="bbox 301 1874 1348 1947; baseline 0.001 -17"><span class='ocrx_word' id='word_1_120' title='bbox 301 1878 320 1903; x_wconf 88' lang='lat'><strong>“</strong></span> <span class='ocrx_word' id='word_1_121' title='bbox 338 1882 436 1932; x_wconf 89' lang='lat' dir='ltr'><strong>mento</strong></span> <span class='ocrx_word' id='word_1_122' title='bbox 447 1876 571 1947; x_wconf 83' lang='lat' dir='ltr'><strong>integro,</strong></span> <span class='ocrx_word' id='word_1_123' title='bbox 585 1875 680 1947; x_wconf 88' lang='lat' dir='ltr'><strong>¹qu0d</strong></span> <span class='ocrx_word' id='word_1_124' title='bbox 696 1874 733 1929; x_wconf 88' lang='lat' dir='ltr'><strong>ab</strong></span> <span class='ocrx_word' id='word_1_125' title='bbox 751 1876 872 1947; x_wconf 87' lang='lat' dir='ltr'><strong>antiquo</strong></span> <span class='ocrx_word' id='word_1_126' title='bbox 891 1882 955 1931; x_wconf 89' lang='lat' dir='ltr'><strong>erat</strong></span> <span class='ocrx_word' id='word_1_127' title='bbox 966 1882 1050 1931; x_wconf 86' lang='lat' dir='ltr'><strong>vetus</strong></span> <span class='ocrx_word' id='word_1_128' title='bbox 1070 1883 1183 1931; x_wconf 87' lang='lat' dir='ltr'><strong>astrum</strong></span> <span class='ocrx_word' id='word_1_129' title='bbox 1205 1883 1238 1931; x_wconf 89' lang='lat' dir='ltr'><strong>et</strong></span> <span class='ocrx_word' id='word_1_130' title='bbox 1256 1876 1348 1931; x_wconf 87' lang='lat' dir='ltr'><strong>herie-</strong></span> 
     </span>
     <span class='ocr_line' id='line_1_15' title="bbox 301 1959 1347 2032; baseline -0.002 -17"><span class='ocrx_word' id='word_1_131' title='bbox 301 1962 319 1988; x_wconf 89' lang='lat'>“</span> <span class='ocrx_word' id='word_1_132' title='bbox 338 1961 437 2025; x_wconf 89' lang='lat' dir='ltr'><strong>tabile,</strong></span> <span class='ocrx_word' id='word_1_133' title='bbox 450 1965 517 2032; x_wconf 89' lang='lat' dir='ltr'><strong>post</strong></span> <span class='ocrx_word' id='word_1_134' title='bbox 537 1965 661 2014; x_wconf 86' lang='lat' dir='ltr'><strong>mortem</strong></span> <span class='ocrx_word' id='word_1_135' title='bbox 681 1959 801 2014; x_wconf 86' lang='lat' dir='ltr'><strong>alterius</strong></span> <span class='ocrx_word' id='word_1_136' title='bbox 823 1959 1030 2030; x_wconf 78' lang='lat' dir='ltr'><strong>praedictorum</strong></span> <span class='ocrx_word' id='word_1_137' title='bbox 1042 1960 1185 2014; x_wconf 89' lang='lat' dir='ltr'><strong>Willelmi</strong></span> <span class='ocrx_word' id='word_1_138' title='bbox 1198 1966 1229 2014; x_wconf 89' lang='lat' dir='ltr'><strong>et</strong></span> <span class='ocrx_word' id='word_1_139' title='bbox 1240 1959 1347 2022; x_wconf 78' lang='lat' dir='ltr'><strong>Elenae,</strong></span> 
     </span>
     <span class='ocr_line' id='line_1_16' title="bbox 300 2042 1347 2116; baseline -0.001 -18"><span class='ocrx_word' id='word_1_140' title='bbox 300 2046 320 2071; x_wconf 88' lang='grc'><em>“</em></span> <span class='ocrx_word' id='word_1_141' title='bbox 339 2045 390 2116; x_wconf 93' lang='lat' dir='ltr'><strong>qui</strong></span> <span class='ocrx_word' id='word_1_142' title='bbox 402 2044 513 2098; x_wconf 90' lang='lat' dir='ltr'><strong>diutius</strong></span> <span class='ocrx_word' id='word_1_143' title='bbox 525 2043 688 2097; x_wconf 91' lang='lat' dir='ltr'><strong>viventium</strong></span> <span class='ocrx_word' id='word_1_144' title='bbox 700 2043 905 2114; x_wconf 82' lang='lat' dir='ltr'><strong>supervixerit,</strong></span> <span class='ocrx_word' id='word_1_145' title='bbox 919 2061 1011 2098; x_wconf 91' lang='lat' dir='ltr'><strong>unum</strong></span> <span class='ocrx_word' id='word_1_146' title='bbox 1019 2043 1189 2106; x_wconf 86' lang='lat' dir='ltr'><strong>heriettum,</strong></span> <span class='ocrx_word' id='word_1_147' title='bbox 1200 2042 1347 2107; x_wconf 87' lang='lat' dir='ltr'><strong>videlicet,</strong></span> 
     </span>
     <span class='ocr_line' id='line_1_17' title="bbox 300 2127 1348 2197; baseline -0.001 -14"><span class='ocrx_word' id='word_1_148' title='bbox 300 2132 320 2156; x_wconf 89' lang='lat'>“</span> <span class='ocrx_word' id='word_1_149' title='bbox 339 2128 444 2183; x_wconf 90' lang='lat' dir='ltr'><strong>melius</strong></span> <span class='ocrx_word' id='word_1_150' title='bbox 458 2127 566 2182; x_wconf 86' lang='lat' dir='ltr'><strong>animal</strong></span> <span class='ocrx_word' id='word_1_151' title='bbox 578 2145 665 2182; x_wconf 89' lang='lat' dir='ltr'><strong>suum</strong></span> <span class='ocrx_word' id='word_1_152' title='bbox 677 2132 809 2197; x_wconf 88' lang='lat' dir='ltr'><strong>tempore</strong></span> <span class='ocrx_word' id='word_1_153' title='bbox 829 2127 932 2183; x_wconf 88' lang='lat' dir='ltr'><strong>mortis</strong></span> <span class='ocrx_word' id='word_1_154' title='bbox 945 2146 1022 2193; x_wconf 75' lang='lat' dir='ltr'><strong>snae3</strong></span> <span class='ocrx_word' id='word_1_155' title='bbox 1046 2133 1076 2182; x_wconf 90' lang='lat' dir='ltr'><strong>et</strong></span> <span class='ocrx_word' id='word_1_156' title='bbox 1087 2127 1114 2182; x_wconf 89' lang='lat' dir='ltr'><strong>si</strong></span> <span class='ocrx_word' id='word_1_157' title='bbox 1126 2127 1237 2182; x_wconf 83' lang='lat' dir='ltr'><strong>animal</strong></span> <span class='ocrx_word' id='word_1_158' title='bbox 1248 2127 1348 2182; x_wconf 89' lang='lat' dir='ltr'><strong>vivum</strong></span> 
     </span>
     <span class='ocr_line' id='line_1_18' title="bbox 300 2211 1347 2283; baseline -0.003 -16"><span class='ocrx_word' id='word_1_159' title='bbox 300 2215 318 2239; x_wconf 81' lang='lat'><strong>‘⁶</strong></span> <span class='ocrx_word' id='word_1_160' title='bbox 337 2218 470 2283; x_wconf 85' lang='lat' dir='ltr'><strong>tempore</strong></span> <span class='ocrx_word' id='word_1_161' title='bbox 481 2212 584 2266; x_wconf 81' lang='lat' dir='ltr'><strong>mortis</strong></span> <span class='ocrx_word' id='word_1_162' title='bbox 597 2229 658 2266; x_wconf 85' lang='lat' dir='ltr'><strong>suae</strong></span> <span class='ocrx_word' id='word_1_163' title='bbox 670 2229 727 2265; x_wconf 93' lang='lat' dir='ltr'><strong>non</strong></span> <span class='ocrx_word' id='word_1_164' title='bbox 739 2211 884 2274; x_wconf 84' lang='lat' dir='ltr'><strong>hebuerit,</strong></span> <span class='ocrx_word' id='word_1_165' title='bbox 894 2217 964 2266; x_wconf 88' lang='lat' dir='ltr'><strong>tuno</strong></span> <span class='ocrx_word' id='word_1_166' title='bbox 977 2211 1082 2266; x_wconf 86' lang='lat' dir='ltr'><strong>melius</strong></span> <span class='ocrx_word' id='word_1_167' title='bbox 1093 2211 1233 2267; x_wconf 87' lang='lat' dir='ltr'><strong>catallum</strong></span> <span class='ocrx_word' id='word_1_168' title='bbox 1246 2228 1347 2266; x_wconf 82' lang='lat' dir='ltr'><strong>sumn:</strong></span> 
     </span>
     <span class='ocr_line' id='line_1_19' title="bbox 299 2293 1348 2366; baseline -0.001 -17"><span class='ocrx_word' id='word_1_169' title='bbox 299 2297 318 2323; x_wconf 78' lang='lat'><strong>‘⁶</strong></span> <span class='ocrx_word' id='word_1_170' title='bbox 338 2302 368 2350; x_wconf 90' lang='lat' dir='ltr'><strong>et</strong></span> <span class='ocrx_word' id='word_1_171' title='bbox 387 2294 424 2350; x_wconf 88' lang='lat' dir='ltr'><strong>ad</strong></span> <span class='ocrx_word' id='word_1_172' title='bbox 445 2295 611 2350; x_wconf 85' lang='lat' dir='ltr'><strong>faciendum</strong></span> <span class='ocrx_word' id='word_1_173' title='bbox 632 2313 686 2366; x_wconf 88' lang='lat' dir='ltr'><strong>pro</strong></span> <span class='ocrx_word' id='word_1_174' title='bbox 708 2294 795 2350; x_wconf 87' lang='lat' dir='ltr'><strong>dietis</strong></span> <span class='ocrx_word' id='word_1_175' title='bbox 817 2295 979 2365; x_wconf 84' lang='lat' dir='ltr'><strong>mesuegiis</strong></span> <span class='ocrx_word' id='word_1_176' title='bbox 992 2301 1102 2350; x_wconf 85' lang='lat' dir='ltr'><strong>sectam</strong></span> <span class='ocrx_word' id='word_1_177' title='bbox 1114 2295 1153 2349; x_wconf 83' lang='lat' dir='ltr'><strong>ed</strong></span> <span class='ocrx_word' id='word_1_178' title='bbox 1164 2295 1279 2350; x_wconf 73' lang='lat' dir='ltr'><strong>cutiam</strong></span> <span class='ocrx_word' id='word_1_179' title='bbox 1291 2293 1348 2349; x_wconf 85' lang='lat' dir='ltr'><strong>Ab·</strong></span> 
     </span>
     <span class='ocr_line' id='line_1_20' title="bbox 299 2377 1348 2448; baseline -0.001 -15"><span class='ocrx_word' id='word_1_180' title='bbox 299 2381 318 2406; x_wconf 87' lang='lat'><strong>“</strong></span> <span class='ocrx_word' id='word_1_181' title='bbox 337 2379 414 2433; x_wconf 86' lang='lat' dir='ltr'><strong>batis</strong></span> <span class='ocrx_word' id='word_1_182' title='bbox 435 2379 472 2434; x_wconf 92' lang='lat' dir='ltr'><strong>de</strong></span> <span class='ocrx_word' id='word_1_183' title='bbox 491 2379 534 2433; x_wconf 85' lang='lat' dir='ltr'><strong>La</strong></span> <span class='ocrx_word' id='word_1_184' title='bbox 553 2379 664 2433; x_wconf 86' lang='lat' dir='ltr'><strong>Barnet</strong></span> <span class='ocrx_word' id='word_1_185' title='bbox 684 2379 730 2433; x_wconf 85' lang='lat' dir='ltr'><strong>bis</strong></span> <span class='ocrx_word' id='word_1_186' title='bbox 751 2396 941 2448; x_wconf 84' lang='lat' dir='ltr'><strong>perannum,</strong></span> <span class='ocrx_word' id='word_1_187' title='bbox 962 2380 1026 2433; x_wconf 91' lang='lat' dir='ltr'><strong>sine</strong></span> <span class='ocrx_word' id='word_1_188' title='bbox 1048 2379 1191 2444; x_wconf 84' lang='lat' dir='ltr'><strong>esseniis3</strong></span> <span class='ocrx_word' id='word_1_189' title='bbox 1215 2385 1246 2434; x_wconf 90' lang='lat' dir='ltr'><strong>et</strong></span> <span class='ocrx_word' id='word_1_190' title='bbox 1269 2377 1348 2433; x_wconf 87' lang='lat' dir='ltr'><strong>veni·</strong></span> 
     </span>
     <span class='ocr_line' id='line_1_21' title="bbox 300 2462 1346 2533; baseline 0 -17"><span class='ocrx_word' id='word_1_191' title='bbox 300 2464 319 2489; x_wconf 88' lang='lat'>“</span> <span class='ocrx_word' id='word_1_192' title='bbox 338 2463 445 2518; x_wconf 88' lang='lat' dir='ltr'><strong>endum</strong></span> <span class='ocrx_word' id='word_1_193' title='bbox 465 2462 503 2517; x_wconf 88' lang='lat' dir='ltr'><strong>ad</strong></span> <span class='ocrx_word' id='word_1_194' title='bbox 514 2464 612 2518; x_wconf 91' lang='lat' dir='ltr'><strong>visum</strong></span> <span class='ocrx_word' id='word_1_195' title='bbox 630 2462 819 2533; x_wconf 83' lang='lat' dir='ltr'><strong>franoiplegii</strong></span> <span class='ocrx_word' id='word_1_196' title='bbox 837 2462 955 2517; x_wconf 89' lang='lat' dir='ltr'><strong>Domini</strong></span> <span class='ocrx_word' id='word_1_197' title='bbox 975 2463 1099 2518; x_wconf 85' lang='lat' dir='ltr'><strong>Abbatis</strong></span> <span class='ocrx_word' id='word_1_198' title='bbox 1118 2463 1211 2517; x_wconf 88' lang='lat' dir='ltr'><strong>semel</strong></span> <span class='ocrx_word' id='word_1_199' title='bbox 1224 2463 1254 2516; x_wconf 90' lang='lat' dir='ltr'><strong>in</strong></span> <span class='ocrx_word' id='word_1_200' title='bbox 1266 2479 1346 2526; x_wconf 88' lang='lat' dir='ltr'><strong>anno,</strong></span> 
     </span>
     <span class='ocr_line' id='line_1_22' title="bbox 300 2545 1347 2602; baseline 0 -2"><span class='ocrx_word' id='word_1_201' title='bbox 300 2548 319 2573; x_wconf 82' lang='lat'><strong>‘⁶</strong></span> <span class='ocrx_word' id='word_1_202' title='bbox 339 2564 405 2601; x_wconf 89' lang='lat' dir='ltr'><strong>eum</strong></span> <span class='ocrx_word' id='word_1_203' title='bbox 424 2553 536 2602; x_wconf 88' lang='lat' dir='ltr'><strong>tentum</strong></span> <span class='ocrx_word' id='word_1_204' title='bbox 556 2546 645 2602; x_wconf 84' lang='lat' dir='ltr'><strong>fuerit</strong></span> <span class='ocrx_word' id='word_1_205' title='bbox 663 2546 741 2600; x_wconf 89' lang='lat' dir='ltr'><strong>infra</strong></span> <span class='ocrx_word' id='word_1_206' title='bbox 758 2546 920 2601; x_wconf 91' lang='lat' dir='ltr'><strong>dominium</strong></span> <span class='ocrx_word' id='word_1_207' title='bbox 938 2547 1010 2601; x_wconf 88' lang='lat' dir='ltr'><strong>dicti</strong></span> <span class='ocrx_word' id='word_1_208' title='bbox 1027 2546 1151 2601; x_wconf 85' lang='lat' dir='ltr'><strong>Abbatis</strong></span> <span class='ocrx_word' id='word_1_209' title='bbox 1167 2545 1205 2600; x_wconf 90' lang='lat' dir='ltr'><strong>de</strong></span> <span class='ocrx_word' id='word_1_210' title='bbox 1222 2545 1265 2600; x_wconf 83' lang='lat' dir='ltr'><strong>La</strong></span> <span class='ocrx_word' id='word_1_211' title='bbox 1278 2546 1347 2600; x_wconf 82' lang='lat' dir='ltr'><strong>Bar·</strong></span> 
     </span>
     <span class='ocr_line' id='line_1_23' title="bbox 300 2629 1345 2700; baseline 0.001 -17"><span class='ocrx_word' id='word_1_212' title='bbox 300 2633 319 2657; x_wconf 82' lang='lat'><strong>‘⁶</strong></span> <span class='ocrx_word' id='word_1_213' title='bbox 339 2636 397 2684; x_wconf 87' lang='lat' dir='ltr'><strong>not.</strong></span> <span class='ocrx_word' id='word_1_214' title='bbox 432 2630 472 2684; x_wconf 75' lang='lat' dir='ltr'><strong>Et</strong></span> <span class='ocrx_word' id='word_1_215' title='bbox 491 2630 514 2685; x_wconf 90' lang='lat' dir='ltr'><strong>si</strong></span> <span class='ocrx_word' id='word_1_216' title='bbox 537 2629 608 2684; x_wconf 90' lang='lat' dir='ltr'><strong>dicti</strong></span> <span class='ocrx_word' id='word_1_217' title='bbox 629 2629 797 2685; x_wconf 89' lang='lat' dir='ltr'><strong>Willelmus</strong></span> <span class='ocrx_word' id='word_1_218' title='bbox 818 2636 848 2685; x_wconf 89' lang='lat' dir='ltr'><strong>et</strong></span> <span class='ocrx_word' id='word_1_219' title='bbox 869 2630 962 2685; x_wconf 82' lang='lat' dir='ltr'><strong>Elone</strong></span> <span class='ocrx_word' id='word_1_220' title='bbox 985 2629 1113 2700; x_wconf 84' lang='lat' dir='ltr'><strong>aliquam</strong></span> <span class='ocrx_word' id='word_1_221' title='bbox 1136 2629 1345 2693; x_wconf 86' lang='lat' dir='ltr'><strong>venditionem,</strong></span> 
     </span>
     <span class='ocr_line' id='line_1_24' title="bbox 299 2713 1349 2785; baseline -0.001 -16"><span class='ocrx_word' id='word_1_222' title='bbox 299 2717 319 2742; x_wconf 89' lang='lat'><strong>“</strong></span> <span class='ocrx_word' id='word_1_223' title='bbox 338 2714 559 2778; x_wconf 87' lang='lat' dir='ltr'><strong>districtionem,</strong></span> <span class='ocrx_word' id='word_1_224' title='bbox 580 2731 632 2769; x_wconf 89' lang='lat' dir='ltr'><strong>seu</strong></span> <span class='ocrx_word' id='word_1_225' title='bbox 651 2713 903 2785; x_wconf 88' lang='lat' dir='ltr'><strong>strippamentum,</strong></span> <span class='ocrx_word' id='word_1_226' title='bbox 918 2715 1071 2769; x_wconf 88' lang='lat' dir='ltr'><strong>domorum</strong></span> <span class='ocrx_word' id='word_1_227' title='bbox 1083 2713 1214 2777; x_wconf 85' lang='lat' dir='ltr'><strong>fecerint,</strong></span> <span class='ocrx_word' id='word_1_228' title='bbox 1229 2719 1281 2769; x_wconf 87' lang='lat' dir='ltr'><strong>aut</strong></span> <span class='ocrx_word' id='word_1_229' title='bbox 1299 2714 1349 2768; x_wconf 87' lang='lat' dir='ltr'><strong>ali·</strong></span> 
     </span>
     <span class='ocr_line' id='line_1_25' title="bbox 299 2786 1347 2869; baseline -0.002 -17"><span class='ocrx_word' id='word_1_230' title='bbox 299 2802 318 2826; x_wconf 87' lang='lat'>“</span> <span class='ocrx_word' id='word_1_231' title='bbox 338 2786 426 2869; x_wconf 85' lang='lat' dir='ltr'><strong>quam</strong></span> <span class='ocrx_word' id='word_1_232' title='bbox 444 2802 558 2869; x_wconf 88' lang='lat' dir='ltr'><strong>partem</strong></span> <span class='ocrx_word' id='word_1_233' title='bbox 576 2815 676 2852; x_wconf 81' lang='lat' dir='ltr'><strong>eorum</strong></span> <span class='ocrx_word' id='word_1_234' title='bbox 694 2798 794 2862; x_wconf 84' lang='lat' dir='ltr'><strong>elicui,</strong></span> <span class='ocrx_word' id='word_1_235' title='bbox 814 2798 871 2852; x_wconf 86' lang='lat' dir='ltr'><strong>nisi</strong></span> <span class='ocrx_word' id='word_1_236' title='bbox 890 2797 1055 2852; x_wconf 86' lang='lat' dir='ltr'><strong>tenentibus</strong></span> <span class='ocrx_word' id='word_1_237' title='bbox 1075 2796 1147 2851; x_wconf 89' lang='lat' dir='ltr'><strong>dicti</strong></span> <span class='ocrx_word' id='word_1_238' title='bbox 1171 2796 1296 2852; x_wconf 85' lang='lat' dir='ltr'><strong>Abbatis</strong></span> <span class='ocrx_word' id='word_1_239' title='bbox 1314 2796 1347 2850; x_wconf 90' lang='lat' dir='ltr'><strong>de</strong></span> 
     </span>
     <span class='ocr_line' id='line_1_26' title="bbox 299 2881 1346 2953; baseline -0.004 -14"><span class='ocrx_word' id='word_1_240' title='bbox 299 2887 318 2911; x_wconf 90' lang='lat'>“</span> <span class='ocrx_word' id='word_1_241' title='bbox 338 2885 381 2939; x_wconf 89' lang='lat' dir='ltr'><strong>La</strong></span> <span class='ocrx_word' id='word_1_242' title='bbox 398 2885 517 2947; x_wconf 84' lang='lat' dir='ltr'><strong>Bernet,</strong></span> <span class='ocrx_word' id='word_1_243' title='bbox 542 2888 572 2937; x_wconf 89' lang='lat' dir='ltr'><strong>et</strong></span> <span class='ocrx_word' id='word_1_244' title='bbox 594 2882 650 2936; x_wconf 90' lang='lat' dir='ltr'><strong>hoc</strong></span> <span class='ocrx_word' id='word_1_245' title='bbox 668 2900 721 2953; x_wconf 87' lang='lat' dir='ltr'><strong>per</strong></span> <span class='ocrx_word' id='word_1_246' title='bbox 739 2881 890 2937; x_wconf 84' lang='lat' dir='ltr'><strong>licentiam</strong></span> <span class='ocrx_word' id='word_1_247' title='bbox 914 2881 986 2937; x_wconf 89' lang='lat' dir='ltr'><strong>dieti</strong></span> <span class='ocrx_word' id='word_1_248' title='bbox 1010 2881 1143 2944; x_wconf 74' lang='lat' dir='ltr'><strong>Achaeis,</strong></span> <span class='ocrx_word' id='word_1_249' title='bbox 1165 2881 1214 2935; x_wconf 89' lang='lat' dir='ltr'><strong>vel</strong></span> <span class='ocrx_word' id='word_1_250' title='bbox 1233 2899 1346 2937; x_wconf 87' lang='lat' dir='ltr'><strong>succes·</strong></span> 
     </span>
     <span class='ocr_line' id='line_1_27' title="bbox 300 2964 1347 3037; baseline -0.006 -13"><span class='ocrx_word' id='word_1_251' title='bbox 300 2972 320 2996; x_wconf 82' lang='lat'><strong>‘⁴</strong></span> <span class='ocrx_word' id='word_1_252' title='bbox 340 2986 440 3024; x_wconf 85' lang='lat' dir='ltr'><strong>sorum</strong></span> <span class='ocrx_word' id='word_1_253' title='bbox 468 2985 598 3030; x_wconf 83' lang='lat' dir='ltr'><strong>suorum,</strong></span> <span class='ocrx_word' id='word_1_254' title='bbox 626 2966 674 3020; x_wconf 91' lang='lat' dir='ltr'><strong>vel</strong></span> <span class='ocrx_word' id='word_1_255' title='bbox 702 2966 728 3021; x_wconf 91' lang='lat' dir='ltr'><strong>si</strong></span> <span class='ocrx_word' id='word_1_256' title='bbox 760 2966 894 3037; x_wconf 65' lang='lat' dir='ltr'><strong>praedicti</strong></span> <span class='ocrx_word' id='word_1_257' title='bbox 922 2971 1053 3020; x_wconf 89' lang='lat' dir='ltr'><strong>tenentes</strong></span> <span class='ocrx_word' id='word_1_258' title='bbox 1081 2964 1124 3019; x_wconf 86' lang='lat' dir='ltr'><strong>sio</strong></span> <span class='ocrx_word' id='word_1_259' title='bbox 1153 2964 1272 3028; x_wconf 81' lang='lat' dir='ltr'><strong>feoffati,</strong></span> <span class='ocrx_word' id='word_1_260' title='bbox 1297 2982 1347 3036; x_wconf 83' lang='lat' dir='ltr'><strong>per</strong></span> 
     </span>
     <span class='ocr_line' id='line_1_28' title="bbox 300 3049 1346 3121; baseline -0.001 -15"><span class='ocrx_word' id='word_1_261' title='bbox 300 3057 319 3080; x_wconf 76' lang='lat'><strong>‘⁶</strong></span> <span class='ocrx_word' id='word_1_262' title='bbox 338 3052 485 3108; x_wconf 89' lang='lat' dir='ltr'><strong>licentiam</strong></span> <span class='ocrx_word' id='word_1_263' title='bbox 507 3051 656 3121; x_wconf 76' lang='lat' dir='ltr'><strong>aliquibus</strong></span> <span class='ocrx_word' id='word_1_264' title='bbox 679 3050 759 3105; x_wconf 89' lang='lat' dir='ltr'><strong>dicta</strong></span> <span class='ocrx_word' id='word_1_265' title='bbox 776 3055 942 3105; x_wconf 82' lang='lat' dir='ltr'><strong>tenemento</strong></span> <span class='ocrx_word' id='word_1_266' title='bbox 960 3049 1151 3119; x_wconf 81' lang='lat' dir='ltr'><strong>quovismodo</strong></span> <span class='ocrx_word' id='word_1_267' title='bbox 1164 3049 1346 3113; x_wconf 74' lang='lat' dir='ltr'><strong>dimiserint3</strong></span> 
     </span>
     <span class='ocr_line' id='line_1_29' title="bbox 300 3131 1347 3207; baseline -0.001 -17"><span class='ocrx_word' id='word_1_268' title='bbox 300 3139 318 3163; x_wconf 90' lang='lat'>“</span> <span class='ocrx_word' id='word_1_269' title='bbox 339 3136 417 3207; x_wconf 91' lang='lat' dir='ltr'><strong>quod</strong></span> <span class='ocrx_word' id='word_1_270' title='bbox 435 3144 539 3190; x_wconf 85' lang='lat' dir='ltr'><strong>extunc</strong></span> <span class='ocrx_word' id='word_1_271' title='bbox 566 3134 640 3187; x_wconf 91' lang='lat' dir='ltr'><strong>bene</strong></span> <span class='ocrx_word' id='word_1_272' title='bbox 663 3133 752 3188; x_wconf 85' lang='lat' dir='ltr'><strong>licent</strong></span> <span class='ocrx_word' id='word_1_273' title='bbox 775 3133 925 3204; x_wconf 79' lang='lat' dir='ltr'><strong>praedictis</strong></span> <span class='ocrx_word' id='word_1_274' title='bbox 946 3132 1054 3186; x_wconf 83' lang='lat' dir='ltr'><strong>Abbati</strong></span> <span class='ocrx_word' id='word_1_275' title='bbox 1073 3140 1103 3187; x_wconf 89' lang='lat' dir='ltr'><strong>et</strong></span> <span class='ocrx_word' id='word_1_276' title='bbox 1121 3131 1297 3198; x_wconf 78' lang='lat' dir='ltr'><strong>Conventui,</strong></span> <span class='ocrx_word' id='word_1_277' title='bbox 1317 3140 1347 3189; x_wconf 89' lang='lat' dir='ltr'><strong>et</strong></span> 
     </span>
     <span class='ocr_line' id='line_1_30' title="bbox 300 3216 1347 3289; baseline -0.002 -15"><span class='ocrx_word' id='word_1_278' title='bbox 300 3225 319 3247; x_wconf 89' lang='grc'>“</span> <span class='ocrx_word' id='word_1_279' title='bbox 338 3238 439 3275; x_wconf 82' lang='lat' dir='ltr'><strong>eorum</strong></span> <span class='ocrx_word' id='word_1_280' title='bbox 458 3217 685 3279; x_wconf 83' lang='lat' dir='ltr'><strong>successoribus,</strong></span> <span class='ocrx_word' id='word_1_281' title='bbox 706 3217 785 3272; x_wconf 85' lang='lat' dir='ltr'><strong>dicta</strong></span> <span class='ocrx_word' id='word_1_282' title='bbox 811 3222 977 3271; x_wconf 79' lang='lat' dir='ltr'><strong>tenemento</strong></span> <span class='ocrx_word' id='word_1_283' title='bbox 999 3216 1126 3287; x_wconf 82' lang='lat' dir='ltr'><strong>ingredi,</strong></span> <span class='ocrx_word' id='word_1_284' title='bbox 1146 3222 1177 3271; x_wconf 88' lang='lat' dir='ltr'><strong>et</strong></span> <span class='ocrx_word' id='word_1_285' title='bbox 1197 3216 1230 3271; x_wconf 92' lang='lat' dir='ltr'><strong>in</strong></span> <span class='ocrx_word' id='word_1_286' title='bbox 1247 3235 1347 3289; x_wconf 89' lang='lat' dir='ltr'><strong>perpe·</strong></span> 
     </span>
     <span class='ocr_line' id='line_1_31' title="bbox 300 3299 1346 3372; baseline -0.001 -14"><span class='ocrx_word' id='word_1_287' title='bbox 300 3307 318 3330; x_wconf 89' lang='lat'><strong>“</strong></span> <span class='ocrx_word' id='word_1_288' title='bbox 337 3309 421 3358; x_wconf 87' lang='lat' dir='ltr'><strong>tuum</strong></span> <span class='ocrx_word' id='word_1_289' title='bbox 432 3303 568 3357; x_wconf 87' lang='lat' dir='ltr'><strong>retinere.</strong></span> <span class='ocrx_word' id='word_1_290' title='bbox 607 3301 646 3356; x_wconf 83' lang='lat' dir='ltr'><strong>Et</strong></span> <span class='ocrx_word' id='word_1_291' title='bbox 658 3300 736 3355; x_wconf 91' lang='lat' dir='ltr'><strong>idem</strong></span> <span class='ocrx_word' id='word_1_292' title='bbox 749 3300 848 3354; x_wconf 88' lang='lat' dir='ltr'><strong>Abbas</strong></span> <span class='ocrx_word' id='word_1_293' title='bbox 861 3306 891 3354; x_wconf 89' lang='lat' dir='ltr'><strong>et</strong></span> <span class='ocrx_word' id='word_1_294' title='bbox 904 3299 1070 3355; x_wconf 84' lang='lat' dir='ltr'><strong>Conventus</strong></span> <span class='ocrx_word' id='word_1_295' title='bbox 1083 3300 1254 3365; x_wconf 85' lang='lat' dir='ltr'><strong>concedunt,</strong></span> <span class='ocrx_word' id='word_1_296' title='bbox 1270 3301 1346 3372; x_wconf 89' lang='lat' dir='ltr'><strong>quod</strong></span> 
     </span>
     <span class='ocr_line' id='line_1_32' title="bbox 301 3384 1347 3458; baseline -0.002 -17"><span class='ocrx_word' id='word_1_297' title='bbox 301 3391 318 3413; x_wconf 91' lang='grc'>“</span> <span class='ocrx_word' id='word_1_298' title='bbox 338 3387 479 3458; x_wconf 84' lang='lat' dir='ltr'><strong>praedieta</strong></span> <span class='ocrx_word' id='word_1_299' title='bbox 496 3386 656 3455; x_wconf 86' lang='lat' dir='ltr'><strong>mesuagia,</strong></span> <span class='ocrx_word' id='word_1_300' title='bbox 670 3390 766 3449; x_wconf 87' lang='lat' dir='ltr'><strong>terrae,</strong></span> <span class='ocrx_word' id='word_1_301' title='bbox 780 3390 810 3438; x_wconf 86' lang='lat' dir='ltr'><strong>et</strong></span> <span class='ocrx_word' id='word_1_302' title='bbox 829 3390 955 3453; x_wconf 89' lang='lat' dir='ltr'><strong>pratum,</strong></span> <span class='ocrx_word' id='word_1_303' title='bbox 970 3402 1035 3454; x_wconf 83' lang='lat' dir='ltr'><strong>quoe</strong></span> <span class='ocrx_word' id='word_1_304' title='bbox 1054 3385 1092 3438; x_wconf 87' lang='lat' dir='ltr'><strong>od</strong></span> <span class='ocrx_word' id='word_1_305' title='bbox 1109 3384 1189 3455; x_wconf 91' lang='lat' dir='ltr'><strong>ipsos</strong></span> <span class='ocrx_word' id='word_1_306' title='bbox 1202 3384 1347 3441; x_wconf 80' lang='lat' dir='ltr'><strong>Abbatcm</strong></span> 
     </span>
     <span class='ocr_line' id='line_1_33' title="bbox 301 3467 1348 3539; baseline 0.001 -16"><span class='ocrx_word' id='word_1_307' title='bbox 301 3472 319 3495; x_wconf 88' lang='lat'><strong>“</strong></span> <span class='ocrx_word' id='word_1_308' title='bbox 340 3477 370 3524; x_wconf 86' lang='lat' dir='ltr'><strong>et</strong></span> <span class='ocrx_word' id='word_1_309' title='bbox 387 3470 570 3524; x_wconf 83' lang='lat' dir='ltr'><strong>Conventum</strong></span> <span class='ocrx_word' id='word_1_310' title='bbox 588 3476 655 3539; x_wconf 89' lang='lat' dir='ltr'><strong>post</strong></span> <span class='ocrx_word' id='word_1_311' title='bbox 673 3475 798 3523; x_wconf 87' lang='lat' dir='ltr'><strong>mortem</strong></span> <span class='ocrx_word' id='word_1_312' title='bbox 817 3467 961 3523; x_wconf 87' lang='lat' dir='ltr'><strong>dictorum</strong></span> <span class='ocrx_word' id='word_1_313' title='bbox 979 3468 1121 3523; x_wconf 89' lang='lat' dir='ltr'><strong>Willelmi</strong></span> <span class='ocrx_word' id='word_1_314' title='bbox 1140 3475 1170 3522; x_wconf 87' lang='lat' dir='ltr'><strong>et</strong></span> <span class='ocrx_word' id='word_1_315' title='bbox 1187 3468 1288 3524; x_wconf 83' lang='lat' dir='ltr'><strong>Elenae</strong></span> <span class='ocrx_word' id='word_1_316' title='bbox 1305 3487 1348 3524; x_wconf 88' lang='lat' dir='ltr'><strong>re·</strong></span> 
     </span>
     <span class='ocr_line' id='line_1_34' title="bbox 301 3552 1346 3623; baseline 0.002 -17"><span class='ocrx_word' id='word_1_317' title='bbox 301 3556 320 3578; x_wconf 91' lang='lat'>“</span> <span class='ocrx_word' id='word_1_318' title='bbox 339 3554 417 3607; x_wconf 88' lang='lat' dir='ltr'><strong>verti</strong></span> <span class='ocrx_word' id='word_1_319' title='bbox 435 3553 582 3617; x_wconf 87' lang='lat' dir='ltr'><strong>deberent,</strong></span> <span class='ocrx_word' id='word_1_320' title='bbox 601 3553 621 3606; x_wconf 88' lang='lat' dir='ltr'><strong>J</strong></span> <span class='ocrx_word' id='word_1_321' title='bbox 622 3554 738 3616; x_wconf 88' lang='lat' dir='ltr'><strong>ohanni,</strong></span> <span class='ocrx_word' id='word_1_322' title='bbox 752 3552 813 3606; x_wconf 91' lang='lat' dir='ltr'><strong>filio</strong></span> <span class='ocrx_word' id='word_1_323' title='bbox 825 3552 1030 3623; x_wconf 79' lang='lat' dir='ltr'><strong>praedictorum</strong></span> <span class='ocrx_word' id='word_1_324' title='bbox 1041 3552 1184 3606; x_wconf 89' lang='lat' dir='ltr'><strong>Willelmi</strong></span> <span class='ocrx_word' id='word_1_325' title='bbox 1196 3560 1228 3607; x_wconf 88' lang='lat' dir='ltr'><strong>et</strong></span> <span class='ocrx_word' id='word_1_326' title='bbox 1239 3553 1346 3616; x_wconf 79' lang='lat' dir='ltr'><strong>Elense,</strong></span> 
     </span>
     <span class='ocr_line' id='line_1_35' title="bbox 300 3636 1347 3707; baseline 0.002 -17"><span class='ocrx_word' id='word_1_327' title='bbox 300 3640 319 3663; x_wconf 91' lang='grc'>“</span> <span class='ocrx_word' id='word_1_328' title='bbox 339 3636 376 3690; x_wconf 88' lang='lat' dir='ltr'><strong>ad</strong></span> <span class='ocrx_word' id='word_1_329' title='bbox 394 3642 485 3691; x_wconf 89' lang='lat' dir='ltr'><strong>totam</strong></span> <span class='ocrx_word' id='word_1_330' title='bbox 502 3638 594 3692; x_wconf 80' lang='lat' dir='ltr'><strong>vitem</strong></span> <span class='ocrx_word' id='word_1_331' title='bbox 613 3636 754 3707; x_wconf 85' lang='lat' dir='ltr'><strong>ejusdem,</strong></span> <span class='ocrx_word' id='word_1_332' title='bbox 775 3655 828 3706; x_wconf 83' lang='lat' dir='ltr'><strong>per</strong></span> <span class='ocrx_word' id='word_1_333' title='bbox 846 3637 967 3691; x_wconf 76' lang='lat' dir='ltr'><strong>servitia</strong></span> <span class='ocrx_word' id='word_1_334' title='bbox 985 3641 1014 3690; x_wconf 89' lang='lat' dir='ltr'><strong>et</strong></span> <span class='ocrx_word' id='word_1_335' title='bbox 1031 3636 1257 3691; x_wconf 88' lang='lat' dir='ltr'><strong>consuetudines</strong></span> <span class='ocrx_word' id='word_1_336' title='bbox 1276 3655 1347 3707; x_wconf 76' lang='lat' dir='ltr'><strong>prai-</strong></span> 
     </span>
     <span class='ocr_line' id='line_1_36' title="bbox 300 3720 1346 3784; baseline -0.001 -9"><span class='ocrx_word' id='word_1_337' title='bbox 300 3723 319 3747; x_wconf 89' lang='lat'>“</span> <span class='ocrx_word' id='word_1_338' title='bbox 339 3720 432 3775; x_wconf 84' lang='lat' dir='ltr'><strong>dictos</strong></span> <span class='ocrx_word' id='word_1_339' title='bbox 457 3720 582 3774; x_wconf 85' lang='lat' dir='ltr'><strong>tenenda</strong></span> <span class='ocrx_word' id='word_1_340' title='bbox 608 3726 776 3774; x_wconf 88' lang='lat' dir='ltr'><strong>remaneant</strong></span> <span class='ocrx_word' id='word_1_341' title='bbox 787 3743 796 3784; x_wconf 89' lang='lat'>;</span> <span class='ocrx_word' id='word_1_342' title='bbox 816 3726 845 3775; x_wconf 89' lang='lat' dir='ltr'><strong>et</strong></span> <span class='ocrx_word' id='word_1_343' title='bbox 870 3720 951 3775; x_wconf 89' lang='lat' dir='ltr'><strong>dabit</strong></span> <span class='ocrx_word' id='word_1_344' title='bbox 968 3720 1126 3774; x_wconf 87' lang='lat' dir='ltr'><strong>heriettum</strong></span> <span class='ocrx_word' id='word_1_345' title='bbox 1148 3738 1216 3775; x_wconf 89' lang='lat' dir='ltr'><strong>eum</strong></span> <span class='ocrx_word' id='word_1_346' title='bbox 1235 3720 1346 3775; x_wconf 76' lang='lat' dir='ltr'><strong>obierit</strong></span> 
     </span>
     <span class='ocr_line' id='line_1_37' title="bbox 300 3803 1344 3876; baseline 0 -18"><span class='ocrx_word' id='word_1_347' title='bbox 300 3807 319 3831; x_wconf 88' lang='lat'>“</span> <span class='ocrx_word' id='word_1_348' title='bbox 338 3805 378 3858; x_wconf 83' lang='lat' dir='ltr'><strong>Et</strong></span> <span class='ocrx_word' id='word_1_349' title='bbox 395 3809 462 3876; x_wconf 87' lang='lat' dir='ltr'><strong>post</strong></span> <span class='ocrx_word' id='word_1_350' title='bbox 479 3804 632 3858; x_wconf 85' lang='lat' dir='ltr'><strong>decessum</strong></span> <span class='ocrx_word' id='word_1_351' title='bbox 650 3803 722 3859; x_wconf 88' lang='lat' dir='ltr'><strong>dicti</strong></span> <span class='ocrx_word' id='word_1_352' title='bbox 742 3804 762 3858; x_wconf 89' lang='lat' dir='ltr'><strong>J</strong></span> <span class='ocrx_word' id='word_1_353' title='bbox 763 3804 893 3869; x_wconf 84' lang='lat' dir='ltr'><strong>ohannis,</strong></span> <span class='ocrx_word' id='word_1_354' title='bbox 913 3803 1054 3874; x_wconf 81' lang='lat' dir='ltr'><strong>praedicta</strong></span> <span class='ocrx_word' id='word_1_355' title='bbox 1072 3804 1235 3873; x_wconf 82' lang='lat' dir='ltr'><strong>mesuagio,</strong></span> <span class='ocrx_word' id='word_1_356' title='bbox 1250 3809 1344 3868; x_wconf 76' lang='lat' dir='ltr'><strong>temae,</strong></span> 
     </span>
     <span class='ocr_line' id='line_1_38' title="bbox 300 3886 1345 3960; baseline -0.002 -16"><span class='ocrx_word' id='word_1_357' title='bbox 300 3891 318 3916; x_wconf 91' lang='lat'><strong>“</strong></span> <span class='ocrx_word' id='word_1_358' title='bbox 338 3895 368 3944; x_wconf 89' lang='lat' dir='ltr'><strong>et</strong></span> <span class='ocrx_word' id='word_1_359' title='bbox 385 3894 478 3960; x_wconf 86' lang='lat' dir='ltr'><strong>prate,</strong></span> <span class='ocrx_word' id='word_1_360' title='bbox 499 3905 565 3942; x_wconf 87' lang='lat' dir='ltr'><strong>oum</strong></span> <span class='ocrx_word' id='word_1_361' title='bbox 583 3887 777 3957; x_wconf 85' lang='lat' dir='ltr'><strong>pertinentiis,</strong></span> <span class='ocrx_word' id='word_1_362' title='bbox 797 3888 955 3950; x_wconf 89' lang='lat' dir='ltr'><strong>Willelmo,</strong></span> <span class='ocrx_word' id='word_1_363' title='bbox 983 3887 1069 3941; x_wconf 87' lang='lat' dir='ltr'><strong>fratri</strong></span> <span class='ocrx_word' id='word_1_364' title='bbox 1095 3886 1166 3940; x_wconf 88' lang='lat' dir='ltr'><strong>dicti</strong></span> <span class='ocrx_word' id='word_1_365' title='bbox 1194 3887 1345 3951; x_wconf 89' lang='lat' dir='ltr'><strong>Johannis,</strong></span> 
     </span>
     <span class='ocr_line' id='line_1_39' title="bbox 299 3970 1346 4112; baseline -0.003 -84"><span class='ocrx_word' id='word_1_366' title='bbox 299 3976 317 3999; x_wconf 91' lang='lat'>“</span> <span class='ocrx_word' id='word_1_367' title='bbox 336 3990 389 4112; x_wconf 64' lang='lat' dir='ltr'><strong>per</strong></span> <span class='ocrx_word' id='word_1_368' title='bbox 408 3978 499 4027; x_wconf 86' lang='lat' dir='ltr'><strong>totam</strong></span> <span class='ocrx_word' id='word_1_369' title='bbox 507 3971 607 4109; x_wconf 57' lang='lat' dir='ltr'><strong>&lt;pittcm</strong></span> <span class='ocrx_word' id='word_1_370' title='bbox 625 3970 757 4109; x_wconf 53' lang='lat' dir='ltr'><strong>pgusdplm</strong></span> <span class='ocrx_word' id='word_1_371' title='bbox 775 3971 992 4108; x_wconf 66' lang='lat' dir='ltr'><strong>willelmiper</strong></span> <span class='ocrx_word' id='word_1_372' title='bbox 1004 3970 1130 4109; x_wconf 76' lang='lat' dir='ltr'><strong>tservitio</strong></span> <span class='ocrx_word' id='word_1_373' title='bbox 1146 3975 1178 4107; x_wconf 60' lang='lat' dir='ltr'><strong>gt</strong></span> <span class='ocrx_word' id='word_1_374' title='bbox 1195 3977 1346 4110; x_wconf 51' lang='lat' dir='ltr'><strong>cfitnsipeppt</strong></span> 
     </span>
     <span class='ocr_line' id='line_1_40' title="bbox 299 4061 1334 4127; baseline -0.001 -16"><span class='ocrx_word' id='word_1_375' title='bbox 299 4061 317 4084; x_wconf 86' lang='lat'>“</span> <span class='ocrx_word' id='word_1_376' title='bbox 358 4075 420 4112; x_wconf 81' lang='lat' dir='ltr'><strong>ines</strong></span> <span class='ocrx_word' id='word_1_377' title='bbox 445 4074 506 4127; x_wconf 76' lang='lat' dir='ltr'><strong>prm</strong></span> <span class='ocrx_word' id='word_1_378' title='bbox 527 4074 553 4110; x_wconf 81' lang='lat' dir='ltr'><strong>ic</strong></span> <span class='ocrx_word' id='word_1_379' title='bbox 569 4074 600 4109; x_wconf 89' lang='lat' dir='ltr'><strong>as</strong></span> <span class='ocrx_word' id='word_1_380' title='bbox 655 4072 712 4109; x_wconf 88' lang='lat' dir='ltr'><strong>nen</strong></span> <span class='ocrx_word' id='word_1_381' title='bbox 733 4074 751 4109; x_wconf 88' lang='lat' dir='ltr'><strong>a</strong></span> <span class='ocrx_word' id='word_1_382' title='bbox 776 4073 931 4110; x_wconf 86' lang='lat' dir='ltr'><strong>romanean</strong></span> <span class='ocrx_word' id='word_1_383' title='bbox 952 4077 960 4119; x_wconf 82' lang='lat'><em>3</em></span> <span class='ocrx_word' id='word_1_384' title='bbox 987 4072 1002 4108; x_wconf 92' lang='lat' dir='ltr'><strong>e</strong></span> <span class='ocrx_word' id='word_1_385' title='bbox 1043 4071 1145 4110; x_wconf 90' lang='lat' dir='ltr'><strong>cumo</strong></span> <span class='ocrx_word' id='word_1_386' title='bbox 1167 4072 1248 4119; x_wconf 87' lang='lat' dir='ltr'><strong>1er1,</strong></span> <span class='ocrx_word' id='word_1_387' title='bbox 1289 4074 1306 4110; x_wconf 86' lang='lat' dir='ltr'><strong>a</strong></span> <span class='ocrx_word' id='word_1_388' title='bbox 1325 4075 1334 4109; x_wconf 91' lang='lat'>1</span> 
     </span>
     <span class='ocr_line' id='line_1_41' title="bbox 298 4138 1346 4209; baseline -0.002 -14"><span class='ocrx_word' id='word_1_389' title='bbox 298 4144 317 4168; x_wconf 88' lang='lat'><strong>“</strong></span> <span class='ocrx_word' id='word_1_390' title='bbox 337 4141 496 4196; x_wconf 90' lang='lat' dir='ltr'><strong>heriettum</strong></span> <span class='ocrx_word' id='word_1_391' title='bbox 520 4140 552 4193; x_wconf 91' lang='lat' dir='ltr'><strong>in</strong></span> <span class='ocrx_word' id='word_1_392' title='bbox 577 4139 670 4193; x_wconf 84' lang='lat' dir='ltr'><strong>forma</strong></span> <span class='ocrx_word' id='word_1_393' title='bbox 689 4157 746 4209; x_wconf 86' lang='lat' dir='ltr'><strong>qua</strong></span> <span class='ocrx_word' id='word_1_394' title='bbox 764 4139 896 4209; x_wconf 75' lang='lat' dir='ltr'><strong>praedicti</strong></span> <span class='ocrx_word' id='word_1_395' title='bbox 915 4139 1081 4194; x_wconf 88' lang='lat' dir='ltr'><strong>Willelmus</strong></span> <span class='ocrx_word' id='word_1_396' title='bbox 1100 4138 1171 4192; x_wconf 86' lang='lat' dir='ltr'><strong>Atto</strong></span> <span class='ocrx_word' id='word_1_397' title='bbox 1190 4138 1299 4203; x_wconf 89' lang='lat' dir='ltr'><strong>Penne,</strong></span> <span class='ocrx_word' id='word_1_398' title='bbox 1319 4145 1346 4193; x_wconf 88' lang='lat' dir='ltr'><strong>et</strong></span> 
     </span>
     <span class='ocr_line' id='line_1_42' title="bbox 298 4222 1346 4296; baseline -0.002 -17"><span class='ocrx_word' id='word_1_399' title='bbox 298 4230 316 4251; x_wconf 84' lang='lat'><strong>“</strong></span> <span class='ocrx_word' id='word_1_400' title='bbox 336 4226 437 4288; x_wconf 83' lang='lat' dir='ltr'><strong>Elena,</strong></span> <span class='ocrx_word' id='word_1_401' title='bbox 457 4224 540 4296; x_wconf 88' lang='lat' dir='ltr'><strong>prius</strong></span> <span class='ocrx_word' id='word_1_402' title='bbox 558 4224 699 4278; x_wconf 84' lang='lat' dir='ltr'><strong>fecerunt.</strong></span> <span class='ocrx_word' id='word_1_403' title='bbox 738 4223 776 4277; x_wconf 86' lang='lat' dir='ltr'><strong>Et</strong></span> <span class='ocrx_word' id='word_1_404' title='bbox 793 4230 860 4294; x_wconf 85' lang='lat' dir='ltr'><strong>post</strong></span> <span class='ocrx_word' id='word_1_405' title='bbox 877 4229 1001 4278; x_wconf 89' lang='lat' dir='ltr'><strong>mortem</strong></span> <span class='ocrx_word' id='word_1_406' title='bbox 1020 4222 1089 4278; x_wconf 88' lang='lat' dir='ltr'><strong>dicti</strong></span> <span class='ocrx_word' id='word_1_407' title='bbox 1107 4222 1262 4289; x_wconf 87' lang='lat' dir='ltr'><strong>Willelmi,</strong></span> <span class='ocrx_word' id='word_1_408' title='bbox 1274 4242 1346 4294; x_wconf 83' lang='lat' dir='ltr'><strong>prae·</strong></span> 
     </span>
     <span class='ocr_line' id='line_1_43' title="bbox 297 4302 1346 4374; baseline -0.002 -16"><span class='ocrx_word' id='word_1_409' title='bbox 297 4308 316 4330; x_wconf 91' lang='lat'><strong>“</strong></span> <span class='ocrx_word' id='word_1_410' title='bbox 336 4305 415 4360; x_wconf 79' lang='lat' dir='ltr'><strong>dictu</strong></span> <span class='ocrx_word' id='word_1_411' title='bbox 432 4303 593 4374; x_wconf 82' lang='lat' dir='ltr'><strong>mesuagio,</strong></span> <span class='ocrx_word' id='word_1_412' title='bbox 613 4310 710 4367; x_wconf 74' lang='lat' dir='ltr'><strong>terrai,</strong></span> <span class='ocrx_word' id='word_1_413' title='bbox 730 4308 760 4358; x_wconf 91' lang='lat' dir='ltr'><strong>et</strong></span> <span class='ocrx_word' id='word_1_414' title='bbox 777 4309 904 4373; x_wconf 86' lang='lat' dir='ltr'><strong>pratum,</strong></span> <span class='ocrx_word' id='word_1_415' title='bbox 924 4321 991 4357; x_wconf 91' lang='lat' dir='ltr'><strong>cum</strong></span> <span class='ocrx_word' id='word_1_416' title='bbox 1009 4302 1206 4373; x_wconf 86' lang='lat' dir='ltr'><strong>pertinentiis,</strong></span> <span class='ocrx_word' id='word_1_417' title='bbox 1222 4320 1276 4373; x_wconf 89' lang='lat' dir='ltr'><strong>per</strong></span> <span class='ocrx_word' id='word_1_418' title='bbox 1289 4321 1346 4357; x_wconf 88' lang='lat' dir='ltr'><strong>ser·</strong></span> 
     </span>
     <span class='ocr_line' id='line_1_44' title="bbox 297 4386 1346 4458; baseline 0.003 -20"><span class='ocrx_word' id='word_1_419' title='bbox 297 4396 315 4416; x_wconf 78' lang='lat'><strong>⁴·</strong></span> <span class='ocrx_word' id='word_1_420' title='bbox 339 4388 412 4444; x_wconf 83' lang='lat' dir='ltr'><strong>vitia</strong></span> <span class='ocrx_word' id='word_1_421' title='bbox 427 4397 458 4444; x_wconf 88' lang='lat' dir='ltr'><strong>ct</strong></span> <span class='ocrx_word' id='word_1_422' title='bbox 475 4388 698 4444; x_wconf 81' lang='lat' dir='ltr'><strong>consuetudines</strong></span> <span class='ocrx_word' id='word_1_423' title='bbox 717 4388 871 4458; x_wconf 63' lang='lat' dir='ltr'><strong>praedictus</strong></span> <span class='ocrx_word' id='word_1_424' title='bbox 889 4386 1022 4452; x_wconf 87' lang='lat' dir='ltr'><strong>tenenda,</strong></span> <span class='ocrx_word' id='word_1_425' title='bbox 1033 4388 1161 4451; x_wconf 68' lang='lat' dir='ltr'><strong>Thomna,</strong></span> <span class='ocrx_word' id='word_1_426' title='bbox 1173 4387 1259 4442; x_wconf 87' lang='lat' dir='ltr'><strong>fretri</strong></span> <span class='ocrx_word' id='word_1_427' title='bbox 1272 4387 1346 4457; x_wconf 88' lang='lat' dir='ltr'><strong>ejus·</strong></span> 
     </span>
    </p>
   </div>
   <div class='ocr_carea' id='block_1_4' title="bbox 627 4608 1041 4673">
    <p class='ocr_par' dir='ltr' id='par_1_4' title="bbox 627 4608 1041 4673">
     <span class='ocr_line' id='line_1_45' title="bbox 627 4608 1041 4673; baseline 0.017 -19"><span class='ocrx_word' id='word_1_428' title='bbox 627 4611 633 4639; x_wconf 90' lang='lat'><strong>¹</strong></span> <span class='ocrx_word' id='word_1_429' title='bbox 646 4610 689 4673; x_wconf 82' lang='lat' dir='ltr'><strong>qui</strong></span> <span class='ocrx_word' id='word_1_430' title='bbox 700 4609 726 4659; x_wconf 90' lang='lat' dir='ltr'><strong>in</strong></span> <span class='ocrx_word' id='word_1_431' title='bbox 738 4609 802 4666; x_wconf 71' lang='lat' dir='ltr'><strong>Mu,</strong></span> <span class='ocrx_word' id='word_1_432' title='bbox 814 4610 848 4671; x_wconf 86' lang='lat' dir='ltr'><strong>by</strong></span> <span class='ocrx_word' id='word_1_433' title='bbox 859 4608 1041 4661; x_wconf 80' lang='lat' dir='ltr'><strong>inadvertence.</strong></span> 
     </span>
    </p>
   </div>
   <div class='ocr_carea' id='block_1_5' title="bbox 0 0 1524 5452">
    <p class='ocr_par' dir='ltr' id='par_1_5' title="bbox 0 0 1524 5452">
     <span class='ocr_line' id='line_1_46' title="bbox 0 0 1524 5452; baseline 0 1"><span class='ocrx_word' id='word_1_434' title='bbox 0 0 1524 5452; x_wconf 95' lang='lat' dir='ltr'><strong> </strong></span> 
     </span>
    </p>
   </div>
  </div>
 </body>
</html>
