3038 5452
352 773 416 838 132
729 784 834 834 onera
858 782 1021 835 ranarnu

216 991 306 1055 Hugh,
351 978 497 1050 ventum,
527 994 616 1038 more
643 972 830 1050 claustrali3
862 971 1009 1036 ultimati
1036 976 1148 1036 tamen
1187 970 1331 1049 suemnt,
1361 973 1399 1032 et

215 1059 311 1185 Am,
350 1077 386 1141 in
418 1076 676 1162 processionibus
710 1075 909 1141 solemnibus
942 1079 977 1139 et
1010 1074 1150 1161 privatis
1185 1072 1398 1139 Conventum

203 1190 318 1307 attia
351 1178 587 1266 praecedebant,
609 1177 721 1243 ferreis
743 1177 953 1263 compedibus
983 1175 1118 1262 alligati.

415 1474 464 1541 De
487 1473 639 1539 arorites
669 1472 827 1539 Wiltctrat
854 1472 894 1538 cte
916 1472 1105 1540 somer-tone
1133 1471 1327 1558 prcerrototi.

183 1651 320 1704 maneta
393 1637 447 1701 Ad
470 1637 624 1702 notitiam
655 1641 768 1700 tamen
798 1635 1026 1721 posteriorum,
1050 1635 1159 1699 censui
1186 1655 1292 1700 mores
1314 1633 1399 1699 dicti

181 1718 337 1835 {galleffi
350 1738 505 1804 Willelmi
529 1739 569 1804 de
592 1737 784 1804 Somertone
815 1737 868 1803 hic
894 1739 1043 1816 inserere,
1066 1742 1106 1803 ut
1128 1736 1233 1803 futuri
1257 1742 1399 1804 caveant

180 1860 248 1904 tone.
349 1841 511 1908 similibus
533 1841 679 1907 moribus
701 1841 859 1906 denotari

180 1968 338 2034 ΜΨ.
395 1946 519 2011 Fuerat
541 1966 657 2030 nempe
680 1965 779 2029 supra
794 1943 927 2008 modum
944 1944 1091 2029 cupidus,
1108 1947 1142 2007 et
1164 1941 1396 2029 ¹pecuniarum

181 2034 322 2153 ffif
348 2070 416 2114 non
439 2053 509 2113 tam
532 2051 668 2133 argutus
691 2046 873 2132 exquisitor
895 2067 993 2132 quam
1016 2045 1171 2133 prodigus
1186 2044 1379 2111 devastator
1391 2070 1401 2124 ;

180 2169 330 2248 Mendicant
348 2156 436 2220 unde
475 2153 615 2239 contigit
664 2175 738 2217 sum
778 2152 1038 2218 familiaritatem
1080 2151 1272 2217 contrahere
1320 2173 1397 2217 cum

180 2235 305 2351 {³23²
349 2256 490 2344 quodam
513 2256 628 2320 Fratre
651 2254 692 2319 de
714 2254 837 2320 Ordine
868 2255 1139 2334 Mendieantium,
1163 2254 1221 2340 qui
1242 2255 1398 2340 promisit

179 2317 250 2444 3:122
261 2382 329 2446 supe
349 2383 383 2425 se
415 2359 477 2423 sibi
499 2355 677 2446 ²pecunias
699 2357 975 2423 inaestimabiliter
1004 2357 1311 2444 multiplicaturum,
1336 2378 1398 2443 per

129 2480 131 2484 .
583 2459 629 2498 αθ
757 2461 764 2475 “
798 2459 813 2485 n
994 2485 1000 2499 ⁸
1287 2458 1294 2474 ⁸
1361 2459 1369 2473 ⁶

180 2448 232 2548 ἒξ)
233 2448 338 2549 ἭΚ
349 2466 455 2527 artem
477 2483 552 2547 quae
633 2459 788 2525 Alkomra
845 2465 1001 2540 vocatur,
1031 2459 1208 2525 dummodo
1239 2458 1336 2524 Prior
1359 2482 1396 2523 ιιι

179 2564 313 2631 elenemy.
349 2563 509 2651 principio
540 2584 605 2628 non
635 2568 780 2650 parceret
810 2563 960 2648 expensis
990 2562 1179 2627 necessariis
1209 2561 1287 2627 huic
1318 2563 1393 2627 arti.

349 2665 452 2751 cujus
467 2664 575 2731 verbis
591 2664 684 2729 Prior
697 2665 796 2729 nimis
816 2663 974 2743 credulus,
989 2669 1101 2729 tentes
1116 2663 1234 2728 effudit
1248 2685 1394 2729 summas

286 2795 288 2799 ·
346 2768 419 2833 auri
442 2775 477 2832 et
498 2767 636 2853 argenti,
660 2771 699 2831 ut
722 2766 913 2852 quemlibet,
927 2766 981 2831 vel
1004 2766 1216 2844 ditissimum,
1238 2772 1394 2853 poterant

345 2890 547 2959 pauperasse.
595 2869 665 2934 Nec
678 2873 789 2933 tamen
806 2868 900 2933 Prior
922 2868 1057 2934 edoctus
1081 2890 1196 2935 cavere
1217 2868 1293 2934 falsi
1314 2870 1393 2934 Fra-

346 2973 408 3040 tris
431 2971 594 3061 pericula3
617 2971 737 3036 damno
760 2971 857 3036 unico
880 2971 1000 3058 adjecit
1022 2992 1125 3058 usque
1147 2972 1257 3051 tertio,
1278 2977 1393 3036 tantas

179 3093 301 3173 rheceu
346 3076 417 3141 auri
441 3082 475 3141 et
498 3075 627 3162 argenti
650 3074 759 3161 copias
781 3075 817 3139 in
840 3097 921 3161 opus
943 3074 1060 3139 inutile
1083 3074 1280 3155 ministrare,
1303 3077 1392 3161 quod

178 3175 304 3239 impares·
348 3180 411 3242 'am
435 3177 519 3242 nihil
583 3198 624 3242 ne
647 3199 686 3240 su
728 3177 810 3241 rfuit
831 3178 871 3241 de
890 3182 964 3242 tota
979 3176 1094 3240 domus
1109 3198 1177 3241 suae
1193 3175 1391 3254 substantia,

179 3227 290 3356 althitt'gh
341 3203 432 3343 Junde
452 3198 741 3364 quartteattulitsee
765 3278 890 3364 aliquid
913 3279 1081 3364 potuisset.
1121 3278 1240 3365 Sicquc
1262 3278 1389 3344 factum

179 3356 337 3472 ffigfflgff
346 3387 404 3456 est,
436 3387 482 3453 ut,
513 3379 645 3443 Abbate
675 3399 733 3464 pro
756 3386 849 3464 parte
882 3402 940 3444 sua
970 3386 1188 3465 extorquente
1220 3380 1261 3445 de
1291 3381 1391 3447 domo

181 3489 232 3537 and
247 3460 313 3566 the’
346 3478 403 3541 illa
434 3501 492 3564 per
523 3480 614 3564 prius
645 3480 807 3564 pecunias,
841 3488 875 3545 et
906 3483 1004 3546 modo
1036 3481 1148 3546 Priore
1182 3482 1390 3569 dilapidante

178 3559 328 3670 ζξζζῖᾝ,
347 3580 557 3658 substantias,
588 3581 624 3643 in
650 3582 721 3644 loco
744 3581 802 3646 illo
828 3583 911 3647 nihil
939 3585 1072 3650 omnino
1106 3585 1272 3662 remansit,
1301 3588 1392 3652 unde

180 3689 230 3735 nor.
347 3688 456 3767 posset
478 3682 658 3745 ministrari
679 3682 784 3746 victui
806 3685 1043 3752 monachorum.

180 3768 328 3886 {aim}
392 3781 575 3847 Willelmus
598 3788 709 3846 autem
732 3784 896 3869 praefatus,
911 3789 1127 3873 apostatando
1150 3792 1313 3869 recedens,
1339 3794 1391 3860 fu·

180 3901 334 4032 ἓξὲοιέἒὲιω
347 3905 422 4001 gam
444 3884 530 3958 iniit,
545 3883 587 3947 od
604 3883 735 3948 Curiam
760 3885 939 3953 Romanam
957 3912 1150 3977 properans3
1173 3898 1208 3957 et
1222 3895 1390 3976 accedens,

179 4033 274 4091 Rom„
292 4040 319 4081 ω
348 3990 559 4072 inquantum
582 3985 720 4050 facultas
735 3988 876 4054 dabatur
898 3990 1010 4067 eidem,
1027 4015 1157 4057 cansam
1180 4017 1275 4060 suam
1290 3999 1390 4064 modo

179 4099 335 4163 appensae
346 4109 405 4174 per
426 4089 512 4165 licta,
536 4088 631 4151 modo
654 4111 711 4174 per
736 4091 933 4168 verisimilia,
956 4095 1051 4160 modo
1074 4118 1132 4182 per
1153 4119 1263 4182 preces
1286 4101 1391 4166 domi.

180 4165 472 4279 ffiffiyofnorum,
496 4193 531 4252 et
553 4188 714 4274 praecipue
747 4190 885 4257 Comitis
917 4195 1172 4275 Herefordensis,
1194 4222 1390 4286 promovere

180 4294 333 4422 {image
346 4296 481 4354 conatus
504 4294 562 4367 est,
585 4294 619 4354 et
642 4290 806 4357 Abbatem
829 4316 887 4379 pro
909 4295 1036 4360 viribus
1059 4299 1222 4366 infestare

184 4425 276 4476 schoa

381 4604 388 4635 ¹
396 4603 567 4667 peccarim
575 4601 601 4651 in
612 4604 667 4652 MS.
919 4609 929 4637 ¹
939 4606 982 4658 Sic
994 4608 1021 4657 in
1032 4608 1097 4670 MS,
1108 4611 1147 4660 ior
1164 4618 1178 4641 “
1190 4613 1344 4679 mm».

380 4684 391 4716 ⁹
399 4681 531 4746 amatas
541 4679 568 4729 in
576 4679 633 4731 MS.
