3038 5452
329 702 394 768 462
703 715 810 765 ossrs
830 713 995 767 lasaron

177 917 295 978 monn,
333 911 351 934 “

187 1056 248 1106 ΑΜ)
265 1064 275 1106 t
333 996 350 1018 “
371 1007 491 1047 summae
506 990 605 1045 decern
618 988 760 1044 librarum
773 989 909 1060 superius
923 997 1100 1057 memorate,
1114 992 1146 1048 in
1157 1011 1232 1050 usus
1245 1010 1373 1049 commn-

249 1071 283 1115 0,
332 1081 350 1104 ss

205 988 266 1040 aoth

204 1120 271 1172 ΑΒ.

179 1192 298 1240 1849-96.
330 1249 336 1270 ὅ

370 923 484 978 cunque
503 905 653 969 ¹schcleri,
683 905 781 959 taliter
810 903 970 969 deficiente,
998 906 1116 961 tertiam
1142 914 1260 980 partem
1283 908 1372 967 uun

370 1076 479 1139 nitatis,
507 1081 594 1146 prout
622 1072 801 1145 praedicitur,
835 1074 1076 1131 convertendam:
1105 1083 1136 1132 et
1164 1085 1373 1150 consequenter

331 1160 524 1215 “statuimus
548 1156 585 1213 de
610 1158 668 1213 alia
695 1174 869 1229 quacunque
893 1158 1004 1229 majore
1031 1160 1172 1232 temporis
1200 1161 1371 1234 quantitate,

342 1248 398 1298 ‘et
428 1261 542 1299 summa
571 1241 815 1313 correspondente
842 1242 957 1312 majori,
986 1260 1079 1314 paenae
1108 1246 1229 1301 nomine
1264 1247 1372 1320 persol-

330 1333 347 1355 “
368 1329 470 1384 venda.
508 1329 731 1398 Teneanturque
751 1326 865 1398 praelati
885 1328 1011 1399 singulis
1030 1329 1092 1384 suis
1113 1326 1319 1388 'scholaribus
1337 1331 1372 1387 de

330 1412 540 1468 “annualibus
573 1411 762 1482 pensionibus
799 1412 963 1482 providere,
1004 1413 1081 1469 sicut
1112 1415 1144 1470 in
1174 1415 1373 1474 Benedictinis

330 1502 347 1524 “
369 1495 641 1560 Constitutionibus,
659 1495 803 1550 Titulo-‘
818 1495 862 1551 De
884 1496 1077 1553 Pensionibus
1099 1497 1313 1566 Studentinm‚’
1331 1506 1374 1556 est

331 1584 348 1610 '‘
367 1586 507 1636 matum,

365 1668 384 1693 ‘¹
398 1665 436 1722 Et
461 1666 530 1736 quia
555 1665 680 1720 vertitur
705 1664 736 1717 in
761 1663 882 1719 dubium
906 1683 994 1736 penes
1020 1667 1161 1738 quosdam
1179 1668 1218 1724 ad
1236 1676 1372 1741 quoniam

330 1754 348 1777 “
369 1768 513 1807 summam
531 1754 652 1805 monetae
671 1748 841 1820 Anglicanae
860 1755 927 1804 taxa
951 1751 1075 1806 istorum
1098 1769 1260 1824 parvorum
1284 1754 1373 1810 Turo-

368 1837 502 1892 nensium
521 1852 552 1890 se
571 1833 717 1897 extendat,
738 1850 906 1903 quanquam
925 1834 1017 1906 aliqui
1036 1836 1074 1891 ad
1091 1837 1198 1900 minus,
1219 1837 1315 1909 aliqui
1338 1837 1374 1893 ad

331 1924 348 1948 “
368 1921 472 1992 majus,
493 1936 551 1984 eos,
572 1924 606 1973 ut
624 1917 741 1981 dicitur,
762 1917 908 1973 aestiment
925 1919 955 1972 in
974 1919 1089 1986 valore;
1112 1925 1295 1986 nontamen,
1316 1939 1373 1977 om·

367 2023 434 2060 nem
460 2002 628 2076 hujusmodi
656 2000 835 2056 dubietatem
861 2001 965 2057 tollere
996 2005 1157 2075 cupientes,
1186 2005 1372 2063 decrevimus

367 2096 492 2161 quatuor
504 2085 719 2145 Turonensium
730 2103 888 2156 parvorum
901 2087 1045 2158 sterlingo
1056 2082 1225 2160 Anglicano
1237 2091 1268 2145 in
1280 2091 1373 2162 pretio

328 2180 345 2202 “
366 2174 529 2244 conquam
557 2173 600 2227 ita
625 2170 703 2241 quod
729 2171 881 2240 sexaginta
904 2170 988 2225 libne
1011 2171 1129 2228 illorum
1156 2175 1372 2231 Turonensium

327 2264 344 2285 ‘¹
365 2257 559 2331 aeqnivaleant
585 2255 669 2310 libris
698 2253 865 2323 quindecim
892 2254 1121 2325 sterlingorum
1149 2265 1180 2312 et
1207 2258 1251 2313 sie
1279 2276 1373 2315 corre·

326 2348 344 2369 ⁴‘
365 2342 549 2414 spondentes,
561 2340 645 2412 juxte
658 2355 837 2393 summarum
853 2337 1090 2408 equivalentiam
1103 2342 1134 2395 in
1146 2341 1222 2412 ipsis
1232 2342 1373 2399 Benedic-

326 2432 344 2452 “
363 2427 433 2482 tinia
456 2431 631 2488 mannum,
659 2439 775 2493 semper
800 2423 1008 2493 aequiperando
1036 2430 1162 2493 quatnor
1187 2426 1372 2484 Turonenses

326 2509 531 2583 “hujusmodi
556 2508 594 2562 ad
619 2506 804 2575 sterlingnm,
825 2506 959 2560 omnibns
986 2507 1182 2574 studentibus,
1210 2516 1273 2566 tarn
1299 2511 1372 2568 Doe-

326 2599 343 2621 “
364 2594 477 2650 toribus
490 2611 577 2664 quam
595 2590 807 2653 ²scholaribus,
825 2590 1026 2655 ministretur;
1045 2609 1099 2647 nec
1117 2594 1217 2648 minus
1240 2595 1372 2652 sufficere

326 2684 344 2706 “
364 2678 510 2734 credimus
528 2675 587 2730 hiis
606 2674 719 2737 dicbus,
740 2679 859 2745 propter
876 2674 1052 2730 victualium
1073 2683 1103 2731 et
1126 2677 1254 2734 aliorum
1273 2698 1372 2738 neces·

326 2763 508 2818 “seriorum
534 2759 713 2814 excessivam
740 2758 898 2822 caristiam,
926 2777 990 2830 quoe
1016 2760 1163 2817 modernis
1188 2765 1372 2836 temporibus

326 2855 343 2876 ‘⁵
363 2851 429 2920 plus
455 2845 541 2902 solito
567 2842 697 2898 inolevit.
736 2842 790 2897 Cui
819 2843 984 2914 adjicimus,
1014 2851 1175 2901 statuentes
1201 2848 1281 2918 quod
1306 2867 1371 2905 curn

325 2939 343 2960 “
364 2932 478 3005 praelati
495 2929 662 2986 ³s0h01ares
676 2945 753 2991 suos,
773 2927 822 2981 vel
841 2928 1031 2992 ⁴scholarem‚
1052 2930 1088 2984 ad
1114 2930 1253 2987 Stadium
1273 2939 1371 2989 bens·

326 3024 343 3045 “
364 3017 506 3075 miserint.
527 3022 561 3069 ut
579 3012 745 3085 praefertur,
771 3012 819 3066 vel
845 3030 897 3082 pro
922 3014 975 3074 eis,
1000 3021 1052 3068 eut
1072 3014 1171 3085 aliquo
1196 3017 1368 3081 eorundem.

325 3108 342 3129 '¹
364 3102 500 3157 miserint
517 3106 551 3155 ut
568 3097 694 3160 veniant,
708 3114 760 3150 seu
778 3096 886 3160 veniat,
901 3097 957 3150 sibi
976 3096 1104 3161 domum,
1119 3099 1198 3169 qnod
1215 3108 1371 3159 teneantur

326 3191 343 3214 ‘⁶
365 3187 421 3258 ipsi
440 3184 564 3256 praeiati,
583 3182 662 3236 nitra
688 3181 857 3251 pensionem
876 3181 1008 3251 ipsorum
1033 3183 1215 3239 studentium
1234 3188 1371 3259 superius

325 3277 342 3297 ⁴·
363 3270 527 3330 limitatam,
546 3283 686 3338 expensas
706 3268 903 3336 competentes
922 3282 976 3334 pro
995 3265 1109 3329 itinere,
1135 3274 1195 3321 tam
1220 3269 1251 3323 in
1277 3271 1371 3326 eundo

325 3360 343 3381 “
363 3355 400 3408 ad
427 3352 550 3413 scholas.
577 3368 665 3422 quam
691 3348 846 3408 redeundo.
875 3349 947 3420 ipsis
969 3350 1171 3405 2scholaribus
1190 3353 1369 3410 ministrare.

326 3443 342 3464 ‘⁶
366 3439 397 3492 Si
417 3436 481 3507 quis
500 3442 598 3490 tamen
617 3435 747 3505 ipsorum
767 3432 944 3487 scholarium
963 3433 1026 3487 sine
1039 3434 1175 3490 mandato
1195 3437 1242 3490 sui
1254 3438 1369 3508 praelati

326 3525 343 3547 “
364 3520 481 3574 domum
499 3519 622 3580 venerit,
643 3517 699 3572 sibi
718 3515 872 3588 provideat
893 3515 928 3569 de
951 3517 1094 3587 expensis.
1134 3517 1231 3590 Super
1250 3539 1319 3591 quo,
1337 3540 1370 3577 ac

325 3611 342 3632 ‘⁶
364 3621 451 3674 super
469 3621 591 3657 nurnero
610 3601 798 3663 studentium,
817 3599 995 3655 Visitatores
1014 3619 1067 3671 per
1078 3602 1266 3658 Provinciale
1285 3605 1371 3674 Gepi-

326 3686 459 3743 “tulum
485 3686 648 3756 deputatos,
676 3691 726 3739 aut
751 3684 781 3737 in
812 3691 963 3754 posterum
989 3685 1178 3755 deputandos,
1209 3688 1239 3740 in
1268 3706 1371 3744 eornm

326 3777 343 3800 ‘¹
364 3770 550 3827 conscientiis
569 3769 701 3823 strictius
720 3785 883 3830 oneramus,
904 3773 1046 3839 quatenus
1073 3768 1247 3839 diligentius
1275 3772 1372 3844 inqui·

326 3862 343 3884 “
364 3863 470 3919 rentes,
481 3854 647 3923 ubicunque
657 3851 802 3905 defectum
814 3852 986 3915 invenerint,
998 3853 1107 3924 corrigi
1117 3853 1227 3909 faciant
1239 3856 1370 3921 indilate,

327 3947 344 3970 “
365 3948 417 3996 aut
435 3938 571 4010 Capitulo
590 3935 773 3997 denuncient,
792 3953 845 4005 pro
864 3936 994 3990 remedio
1012 3954 1140 4006 congruo
1152 3939 1333 4013 apponendo.

156 4035 310 4086 Smellcom·

155 4102 272 4152 munities
327 4116 344 4139 ⁶·

156 4177 182 4217 to
195 4170 256 4218 send
267 4184 282 4218 a

156 4242 297 4299 competent

155 4303 261 4352 number
270 4302 299 4352 oi
328 4284 345 4308 ‘¹

156 4368 275 4419 studente.

361 4026 433 4079 “Et
451 4024 520 4095 quia
538 4020 658 4092 plurimi
677 4020 832 4089 opinantur
850 4019 928 4089 quod
946 4019 981 4073 de
1000 4021 1080 4074 nullo
1098 4038 1220 4077 numero
1239 4026 1369 4094 pauciori

366 4126 453 4181 quam
470 4104 616 4162 vicenario
635 4102 817 4158 ⁴scholerem
835 4104 972 4175 aliquem,
991 4105 1038 4158 vel
1056 4102 1233 4171 ³scholares,
1253 4116 1372 4165 tenean-

327 4200 345 4222 ‘⁸
368 4201 425 4258 tur,
445 4193 554 4247 virtute
575 4188 799 4244 constitutionis
818 4188 1024 4252 Benedictinas‚
1042 4189 1158 4243 mittere
1177 4190 1214 4244 ad
1234 4190 1372 4248 Studium

367 4277 512 4349 generale,
530 4276 662 4347 ipsorum
681 4272 810 4344 opinioni
835 4290 964 4327 erroneas
986 4272 1064 4326 idem
1088 4273 1266 4330 Benedictus
1292 4276 1372 4331 Duo-

609 4462 615 4468 ,
623 4459 973 4469 ,-.,,,,-.-...-..---
1281 4463 1369 4470 ...ο-ᾳ

359 4572 366 4602 ¹
384 4569 474 4619 scolari
485 4569 510 4617 in
522 4568 577 4618 MS.
905 4563 1031 4613 ³srolnras
1048 4565 1072 4614 in
1089 4567 1144 4615 MS.

357 4650 367 4680 ²
379 4647 511 4698 scolaribus
529 4648 555 4696 in
566 4647 621 4698 MS.
906 4645 914 4672 ⁴
926 4643 1040 4692 scolarem
1051 4645 1078 4693 in
1089 4645 1145 4694 MS.
