3038 5452
469 712 645 765 aarum
668 698 724 784 (a)
1052 696 1116 769 475

86 904 102 928 ‘⁸
118 902 207 968 nisse,
227 900 436 956 Constitutioni
461 900 599 957 Ottoboni
625 902 810 966 inhaerentes,
830 900 951 972 provide
980 900 1119 956 duximus

84 988 101 1012 “
117 985 319 1049 ordinandum,
331 986 408 1057 quod
417 985 567 1051 Rectores,
576 986 700 1051 Vicani,
710 992 740 1041 et
751 984 932 1057 parochiales
944 985 1119 1056 presbyteri,

83 1072 101 1094 “
119 1071 243 1125 sormam
268 1069 405 1142 baptismi
432 1069 590 1140 diligenter
617 1070 777 1135 addiscant,
797 1087 920 1140 eamque
938 1070 1121 1140 parochianis

83 1156 101 1180 ‘¹
118 1154 181 1209 suis
199 1155 346 1209 ferventer
363 1160 507 1226 exponant
524 1154 628 1210 diebus
646 1154 807 1209 Dominicis
826 1155 857 1208 in
874 1153 1012 1224 vulgari3
1031 1160 1074 1219 ut,
1094 1154 1121 1209 si

82 1239 101 1267 “
118 1237 261 1294 articulus
286 1239 469 1294 necessitatis
487 1246 628 1310 emergat,
648 1239 679 1293 in
699 1256 757 1310 quo
773 1243 906 1310 oporteat
923 1238 1052 1309 aliquem
1069 1256 1123 1310 per

81 1325 100 1350 “
117 1322 198 1394 ipsos
225 1323 377 1394 baptizari,
401 1341 466 1378 eam
492 1325 594 1388 sciant,
623 1329 653 1379 et
680 1323 797 1379 valeant
821 1323 988 1379 observare.
1037 1322 1122 1377 Unde

80 1408 99 1434 ‘¹
116 1406 251 1464 maiore
267 1408 465 1479 praecipimus,
483 1409 515 1462 in
525 1409 636 1464 virtute
653 1413 761 1464 saneta
773 1407 953 1474 obedientie,
965 1417 1001 1464 ut
1017 1406 1121 1462 Archi-

79 1490 100 1519 “
117 1489 256 1548 diaconus
273 1497 372 1547 noster
388 1509 442 1563 per
456 1491 692 1563 jurisdictionem
717 1498 848 1548 nostram
873 1499 974 1550 contra
997 1491 1123 1563 Presby-

79 1574 100 1603 “
117 1579 197 1632 toros
215 1575 390 1632 etVicarios
408 1576 628 1647 inquisitionem
644 1577 734 1633 faciat
744 1576 927 1648 diligentem,
946 1584 981 1633 ut
998 1577 1050 1648 qui
1066 1576 1124 1630 hoc

79 1659 100 1686 '⁶
117 1659 235 1714 salubre
260 1658 409 1715 Statntum
437 1677 495 1715 non
519 1663 710 1727 servaverint,
729 1667 817 1732 prout
843 1662 888 1716 roi
913 1661 1040 1732 qualitas
1058 1677 1123 1714 exc·

78 1742 99 1770 ‘⁶
117 1743 206 1815 gerit,
224 1744 392 1815 puniantur.

79 2019 131 2088 De
160 2023 377 2091 smmpto
399 2021 614 2090 Pcecc'iecticc
636 2029 666 2088 et
687 2019 937 2088 lh'uclturc'atiae
960 2020 1064 2088 debite
1095 2029 1125 2090 ct

383 2125 513 2192 ictuata
533 2125 800 2192 mammaeae.

117 2278 138 2304 “
157 2274 287 2332 Caveant
304 2282 403 2333 eutem
419 2278 585 2351 presbyteri
610 2296 647 2334 ne
672 2278 709 2334 ad
735 2277 915 2333 visitandum
943 2278 1074 2334 infirmos
1093 2296 1125 2335 ae

82 2362 102 2387 “
122 2359 276 2415 exhibeant
292 2360 435 2427 difficiles,
462 2380 633 2433 quecunque
659 2363 732 2417 hora
755 2362 866 2416 fuerint
888 2362 1042 2432 requisiti3
1075 2362 1127 2417 sed

81 2446 102 2471 ‘¹
121 2444 313 2516 personaliter
330 2445 461 2501 infirmos
486 2446 601 2511 adeant,
620 2452 651 2502 et
675 2446 870 2501 confessiones
898 2444 1019 2501 audiant
1037 2446 1127 2501 soler-

82 2530 102 2556 “
121 2534 177 2593 ter,
208 2529 333 2585 crimina
357 2535 387 2585 et
423 2529 657 2586 circumstantias
692 2529 849 2586 criminum
878 2528 1066 2601 investigent,
1098 2536 1128 2584 et

81 2614 103 2639 “
121 2611 304 2668 innotescant
338 2613 473 2678 infirmis,
513 2631 579 2684 quae
614 2612 786 2685 poenitentia
818 2614 894 2670 foret
929 2613 1126 2685 injungende3

81 2697 102 2723 “
122 2713 157 2751 ac
191 2696 348 2768 injungant
373 2697 495 2762 eisdem,
533 2697 612 2768 quod
636 2716 703 2754 oum
733 2698 822 2754 saluti
851 2698 962 2754 fuerint
989 2699 1128 2763 restituti,

80 2782 101 2806 “
120 2780 325 2852 poenitentiam
349 2783 492 2855 recipiant
517 2783 696 2847 salutarem
725 2801 792 2838 cum
816 2783 989 2855 poenitentia
1011 2782 1130 2838 nonsit

80 2866 101 2892 ‘⁴
122 2864 247 2921 infimis
267 2867 457 2938 injungenda,
478 2867 530 2923 sed
553 2867 693 2923 duntaxat
717 2867 893 2937 exponenda.
929 2866 1004 2922 Cum
1030 2872 1129 2922 autem

81 2949 103 2977 ‘⁶
123 2950 299 3022 presbyteri,
324 2951 357 3006 in
382 2952 462 3006 villis
491 2951 543 3005 ubi
569 2951 633 3007 sitae
658 2952 717 3006 sint
741 2951 882 3016 ecclesiia,
902 2949 1044 3006 accedunt
1062 2967 1129 3004 cum

82 3034 104 3061 ‘⁴
123 3033 327 3091 ¹Eucharistia
345 3035 382 3090 ad
399 3035 530 3090 infirmos
546 3035 717 3098 visitandos,
736 3053 790 3106 pro
807 3035 973 3089 reverentia
990 3032 1129 3103 Corporis

81 3119 103 3145 ‘⁶
124 3116 245 3183 Christi,
254 3117 467 3189 superpelliciis
479 3119 539 3174 sint
554 3119 658 3184 induti,
672 3136 741 3173 cum
758 3136 854 3184 cruce,
867 3118 987 3174 lucerna
997 3133 1128 3181 accensa,

83 3203 106 3229 ‘⁴
125 3202 292 3273 campanili,
312 3202 428 3268 clerico,
447 3203 496 3259 vel
513 3203 582 3268 alio,
600 3207 758 3273 praeunte.

83 3457 138 3527 Nc
162 3456 399 3544 parochianae
429 3458 567 3525 alienae
607 3458 654 3524 od
682 3457 932 3544 emiseratouem,
954 3480 1012 3524 eeu
1044 3481 1129 3525 corn-

116 3561 327 3640 rmtwlooect,
351 3560 472 3647 ubsque
495 3557 635 3626 liceoteia
650 3559 709 3624 susi
732 3557 864 3638 cerati,
885 3561 1098 3629 admittatur.

122 3719 143 3747 “
160 3716 377 3783 Intercessere,
405 3717 505 3773 nullus
523 3717 761 3790 presbyterorum
779 3719 907 3774 alienum
924 3722 1130 3793 parochianum

85 3804 108 3830 ‘¹
127 3802 165 3859 ad
191 3803 412 3867 consessionem,
440 3801 500 3865 vel,
513 3803 746 3858 communionem
764 3802 902 3875 Corporis
921 3803 1041 3870 Christi,
1069 3805 1131 3860 sine

85 3887 108 3915 ‘⁸
126 3886 246 3943 licentia
263 3886 374 3958 proprii
392 3885 551 3941 sacerdotis
570 3892 731 3959 praesumat
748 3886 913 3943 admittere.
950 3888 1131 3943 Cumautom

86 3972 108 3998 “
126 3988 181 4043 per
197 3971 327 4043 aliquem
345 3988 363 4025 a
378 3970 497 4042 proprio
510 3971 660 4027 sacerdote
678 3970 796 4026 licentia
813 3973 924 4042 petitur
941 3971 1027 4026 alteri
1044 3971 1130 4025 confi-

88 4056 108 4082 “
127 4055 219 4122 tendi,
239 4053 383 4110 sacerdoti
401 4072 454 4109 suo
472 4071 627 4125 personam
645 4060 755 4110 certem
773 4060 804 4109 et
821 4054 978 4109 discretam
995 4053 1131 4124 designet

69 4141 108 4183 ·“
127 4138 325 4203 confessurus,
344 4137 403 4203 cui,
416 4137 563 4202 videlicet,
577 4137 650 4193 velit
668 4142 698 4192 ot
715 4137 820 4193 debeat
837 4137 983 4205 confiteri3
997 4155 1033 4191 ne
1051 4138 1131 4209 quis·

87 4226 106 4251 “
123 4241 213 4294 quam
230 4224 284 4279 tali
301 4222 455 4287 velamine,
475 4222 585 4277 nemini
603 4222 775 4288 confitendo,
792 4223 976 4278 Poenitentiae
993 4221 1130 4296 diffugiat

86 4310 106 4336 “
126 4307 357 4365 Sacramentum.

121 4546 391 4622 murmanus.

118 4627 395 4682 warnaeus.
