3038 5452
313 687 377 752 102
688 699 793 749 cassa
816 697 979 749 ansanus
1038 713 1059 723 ··

160 896 227 947 John
240 892 298 959 1v.,

190 965 250 1014 rea
312 973 330 994 ⁴*

172 1031 267 1091 nasot,
315 1057 333 1079 ,ι

189 1098 255 1150 ΑΒ·
315 1144 321 1165 .

171 1168 274 1214 moe-s.
314 1227 320 1250 ί

348 889 366 912 “
379 886 465 950 Item,
497 883 590 940 omnis
638 883 806 940 Psalmodia
842 885 998 949 submissa,
1038 894 1144 956 prester
1174 884 1362 958 'quindecim

349 970 479 1024 Psalmos
509 976 575 1025 ante
604 968 774 1034 Matutinus,
807 968 941 1041 ²seprem
968 969 1101 1026 Psalmos
1127 969 1353 1026 Poenitentialee

352 1054 412 1109 suis
431 1054 573 1119 terminis,
587 1052 808 1110 ³Prosternales
828 1055 860 1109 in
877 1054 1116 1126 Quadragesima,
1131 1053 1268 1110 Officium
1285 1054 1365 1110 Mor·

326 1147 332 1165 ⁶
353 1144 479 1203 tuorum,
499 1142 573 1193 et-‘
586 1137 685 1194 Verba
703 1139 786 1202 mea,’
805 1139 836 1192 in
855 1139 948 1193 forma
975 1139 1124 1210 praedicte,
1143 1141 1261 1210 penitus
1280 1139 1367 1195 omit-

325 1227 331 1248 ‘
352 1229 458 1279 tentor.
503 1224 542 1278 Et
558 1229 593 1279 ut
609 1224 703 1295 major
720 1223 771 1279 fiat
796 1222 911 1279 devotio
929 1222 961 1278 in
978 1223 1126 1288 brevibus,
1146 1230 1267 1296 propter
1285 1223 1365 1278 dele-

314 1312 332 1333 ⁶·
352 1309 459 1363 tionem
480 1307 673 1371 onerositatis,
687 1324 754 1363 cum
766 1325 823 1362 non
842 1307 1010 1371 multitudo,
1031 1307 1082 1363 sed
1100 1307 1226 1373 devotio,
1246 1307 1366 1364 laudem

314 1400 332 1418 ··
352 1391 464 1462 *pariat
482 1390 625 1457 Creatori,
647 1391 788 1463 predicta
813 1392 910 1447 omnia
927 1391 1089 1463 psallantur
1114 1409 1184 1448 voee
1211 1391 1364 1457 mediocri,

314 1482 332 1503 '⁶
352 1495 419 1532 cum
436 1476 607 1548 pausatione
624 1477 656 1530 in
673 1476 770 1531 medio
788 1477 891 1541 metri;
912 1476 954 1531 ita
971 1477 1050 1547 quod
1067 1477 1099 1532 in
1116 1477 1253 1533 omnibus
1272 1476 1368 1548 major

314 1570 331 1587 ⁴·
352 1561 476 1628 devotio,
497 1579 548 1633 spe
566 1560 767 1617 retributionis
785 1560 901 1624 divinas,
921 1561 1072 1617 habeatur.

350 1649 368 1672 ‘⁸
379 1645 465 1712 item,
482 1645 703 1715 ‘Kyrieleison’
715 1661 774 1700 non
785 1645 843 1699 nisi
855 1650 902 1699 ter
913 1644 1028 1701 dicatur
1039 1646 1077 1701 ed
1089 1644 1186 1702 Horas
1198 1646 1366 1713 canonicas,

316 1735 333 1756 '¹
353 1737 383 1785 et
401 1731 484 1786 absa
501 1737 585 1803 perte
604 1748 662 1802 qus
679 1729 760 1799 Ospa
771 1735 817 1784 est
834 1729 1002 1800 incipiatur.

351 1813 465 1879 ‘'Item,
485 1814 653 1885 abjicientes
678 1813 884 1877 discordantia,
911 1818 944 1868 ut
970 1814 1129 1870 decentiam
1155 1831 1367 1886 praeparemus,

316 1899 538 1970 “praecipimus
560 1906 595 1954 ut
620 1899 652 1953 in
678 1898 806 1954 canendo
832 1896 966 1962 Gredale,
987 1916 1086 1954 omnes
1104 1903 1190 1963 stent,
1210 1904 1245 1955 nt
1269 1900 1369 1972 aptius

317 1996 333 2010 ··
354 1983 414 2038 ‘sic
432 1988 545 2049 canant,
564 1983 655 2038 libros
680 1982 872 2053 respiciendo,
901 1987 931 2036 et
955 1982 992 2037 ad
1010 1983 1074 2055 ejus
1109 2000 1246 2048 versum3
1273 1991 1305 2040 et
1331 1984 1370 2040 ed

316 2080 333 2095 ··
354 2086 472 2123 versum
490 2068 526 2122 de
547 2066 710 2122 ‘Alleluia’
730 2067 818 2122 simul
838 2066 958 2122 sedeant
976 2067 1185 2123 indifferenter.

352 2155 370 2178 ‘⁴
387 2151 475 2214 Item,
506 2152 536 2205 in
565 2150 779 2222 Principalibus
805 2150 1023 2207 Anniverseriis
1059 2153 1091 2206 in
1119 2158 1230 2217 aestste,
1265 2154 1371 2210 statim

316 2241 333 2262 ‘³
353 2242 419 2306 post
442 2234 613 2299 Nonam-⁶
624 2234 768 2300 Placebo,’
788 2241 895 2305 etpost
912 2235 1244 2308 Vesperas-‘Dirige,'
1263 2237 1371 2294 imme·

315 2323 333 2346 “
354 2319 431 2374 diate
449 2325 597 2374 canantur.

349 2404 465 2466 “,Item,
477 2411 510 2459 ut
519 2404 657 2459 universa
666 2406 696 2459 in
706 2404 837 2460 faciendo
846 2405 976 2469 deceant,
987 2403 1156 2462 ordinamus
1169 2405 1248 2477 quod
1256 2406 1370 2464 Psalmi

316 2496 333 2516 ⁶·
353 2486 572 2544 ⁶Prostsrnales
585 2490 616 2544 in
634 2489 866 2562 Quadragesima
884 2489 1020 2545 dicantur
1039 2508 1128 2560 super
1147 2491 1270 2547 formas.

351 2573 464 2638 “Item,
490 2573 579 2645 longa
601 2574 696 2628 Venia
714 2575 749 2628 de
768 2581 872 2629 caetsro
891 2593 947 2628 non
966 2574 1025 2639 fiat,
1045 2575 1102 2629 nisi
1131 2576 1162 2628 in
1179 2578 1367 2632 veneratione

317 2664 334 2685 ‘⁶
356 2657 470 2714 Sanotae
489 2657 601 2723 Crucis,
622 2665 651 2713 et
669 2659 700 2713 in
717 2660 958 2730 transgressionis
986 2659 1116 2723 emenda,
1142 2660 1190 2716 vel
1209 2679 1263 2731 pro
1282 2662 1366 2717 bene·

317 2747 335 2768 ⁶·
355 2743 481 2798 dictione
499 2742 632 2813 petenda,
661 2750 691 2798 et
717 2743 747 2796 in
774 2744 821 2798 die
849 2743 956 2808 Ooenoe,
976 2761 1043 2799 cum
1067 2743 1179 2799 duobus
1199 2744 1305 2803 diebus
1324 2764 1366 2802 se·

318 2832 335 2854 “
356 2828 529 2897 quentibus;
549 2824 600 2882 sed
618 2828 649 2880 in
667 2827 731 2882 looo
750 2827 824 2897 ejus,
845 2845 932 2899 super
950 2830 1069 2891 formas,
1091 2828 1149 2893 (vel
1167 2828 1199 2883 in
1217 2831 1363 2895 scabellis,

317 2918 335 2939 ⁴·
356 2912 446 2967 donec
464 2913 573 2968 formas
591 2910 756 2967 immobiles
774 2911 922 2979 habeant)
942 2919 1112 2968 reverenter
1130 2912 1283 2969 inclinent.

353 3001 371 3023 ‘⁶
385 2996 471 3062 Item,
493 2995 562 3066 quia
579 2996 685 3052 rationi
704 2996 848 3061 convenit,
878 3004 911 3050 ut
937 2996 988 3066 qui
1012 2994 1148 3051 instituta
1174 2995 1254 3054 beati
1272 2996 1364 3069 petris

318 3088 336 3108 ‘⁴
356 3088 386 3136 et
403 3081 538 3153 magistri
556 3081 656 3147 nostri,
684 3079 846 3145 Benedicti,
874 3099 926 3150 per
953 3079 1097 3135 incuriam
1125 3080 1297 3151 frequenter
1323 3083 1365 3136 in-

322 3172 339 3192 ¹·
360 3166 527 3237 fringimns,
560 3165 597 3221 ed
627 3165 859 3238 consequendum
889 3183 907 3219 a
936 3164 999 3218 Deo
1028 3163 1263 3220 misericordiam
1302 3165 1365 3236 ejus

319 3252 491 3321 “precibus
519 3250 698 3314 celeriorem,
727 3249 822 3304 eidem
847 3253 945 3303 reatus
970 3254 1092 3312 nostros,
1121 3255 1188 3318 post
1213 3248 1312 3305 Deum
1337 3254 1367 3305 et

318 3335 478 3390 “Matrem
504 3353 596 3399 suem,
615 3333 782 3390 immediate
809 3332 1016 3397 confiteamur;
1035 3333 1221 3403 praeoipimus
1247 3339 1282 3391 ut
1312 3333 1366 3388 sub

319 3421 337 3442 ‘·
357 3418 414 3474 ista
438 3419 587 3483 forma,-·‘
602 3417 747 3473 Confiteor
773 3417 845 3483 Deo,
872 3424 903 3472 et
929 3417 1027 3472 Beata
1053 3416 1165 3481 Mariae,
1198 3423 1228 3474 et
1259 3417 1366 3474 Sancto

319 3506 337 3526 ‘⁶
359 3502 545 3567 ‘Benedicta
559 3507 590 3557 et
607 3500 740 3556 omnibus
761 3501 885 3568 Sanctis,
905 3505 931 3556 et
942 3501 1059 3567 coetero,’
1079 3502 1185 3558 fratres
1204 3501 1241 3558 de
1260 3508 1366 3558 caetero

320 3590 338 3612 ‘⁶
358 3585 580 3643 immutabiliter
599 3586 796 3641 confiteantur.

153 4018 276 4069 Brethrsn

155 4093 181 4135 to
192 4100 262 4136 terve
325 4107 343 4132 ιι

153 4153 222 4204 three
238 4166 311 4218 years

470 3877 520 3941 De
542 3874 676 3942 seruitio
697 3873 864 3940 reddendo
887 3880 964 3938 arrio
986 3872 1216 3938 sacerdotium

359 4024 377 4045 ‘⁶
391 4019 477 4085 ltem,
497 4017 567 4089 quia
582 4017 779 4088 periculosum
797 4014 931 4088 estquod
944 4014 1010 4085 quis
1029 4015 1111 4086 prius
1129 4014 1254 4085 gradum
1272 4032 1367 4070 secer·

363 4104 490 4160 dotalem
508 4102 652 4168 ascendat,
681 4120 768 4173 quam
794 4102 914 4157 sciverit
939 4118 973 4154 aa
998 4117 1063 4169 quas
1088 4099 1125 4153 ad
1152 4104 1244 4155 status
1271 4101 1367 4155 suist

1104 4288 1111 4294 .
1124 4288 1180 4294 ...-
1203 4288 1368 4298 ...η-...ψ-

359 4398 365 4429 ¹
376 4399 423 4449 See
431 4397 490 4447 Vol.
502 4397 533 4459 1„
544 4410 607 4460 page
620 4400 711 4454 213,as
719 4401 745 4443 to
752 4393 822 4443 these
843 4416 845 4437 ι
866 4400 879 4420 ⁶·
888 4393 948 4440 troii
957 4393 969 4414 ’'
978 4390 1003 4438 in
1012 4390 1071 4438 Vol.
1082 4389 1111 4444 Ι..
1119 4406 1142 4453 p.
1150 4390 1261 4452 litasse
1270 4391 1335 4443 liote
1346 4394 1369 4442 7.

326 4478 431 4529 psalm,
842 4446 845 4481 Ι
899 4472 908 4502 ⁴
922 4479 1016 4537 parvul
1027 4471 1054 4518 in
1066 4470 1120 4520 MS.

359 4557 369 4588 ²
379 4557 426 4606 See
438 4555 496 4605 Vol.
509 4555 539 4611 1..
551 4570 573 4619 p.
587 4561 643 4613 213,
654 4554 720 4606 Note
733 4558 770 4602 10.
898 4552 907 4582 ⁵
919 4552 984 4598 sicut
996 4550 1021 4596 in
1034 4548 1099 4608 MS,
1111 4550 1266 4614 apparently.

360 4635 434 4685 ³'l'he
446 4650 512 4685 same
524 4651 552 4683 as
563 4634 604 4684 the
615 4641 629 4662 ‘⁴
638 4633 732 4682 Psalmi
748 4647 819 4695 proe-
899 4630 910 4661 θ
921 4630 968 4681 See
979 4629 1045 4679 Note
1056 4634 1071 4677 3
1082 4629 1168 4679 above.
