3038 5452
625 720 806 771 arsurum
829 707 891 791 (a)

663 956 715 1022 Da
736 955 848 1023 Matio.

269 1120 288 1146 ‘⁸
312 1116 408 1173 Metas
425 1135 497 1173 varo
514 1119 552 1172 ab
573 1117 694 1189 antiquo
717 1123 852 1185 statutas,
877 1136 1003 1190 quarum
1025 1138 1087 1176 una
1110 1122 1172 1178 sita
1188 1130 1237 1179 est
1255 1142 1294 1180 ex

233 1207 251 1231 “
272 1207 355 1273 parto
372 1201 516 1265 Australi,
536 1200 594 1256 alia
614 1219 650 1256 ex
668 1207 752 1273 parte
769 1201 898 1267 Boreali,
920 1202 999 1259 siout
1018 1204 1116 1260 adhue
1132 1207 1294 1264 manifesto

234 1289 253 1313 “
273 1291 382 1357 patent,
402 1285 502 1340 nullus
521 1285 688 1356 transgredi
706 1291 881 1358 praesumat3
901 1293 1011 1358 prator
1028 1289 1183 1345 oustodam
1201 1310 1294 1361 gran·

234 1373 253 1397 “
272 1370 389 1441 giarum
407 1374 437 1423 et
448 1369 662 1439 grauariornm,
675 1371 724 1425 oui
736 1389 808 1426 eura
819 1388 873 1441 per
884 1370 1066 1443 Magistrum
1078 1375 1290 1434 committitur.

514 1579 564 1643 De
585 1580 718 1646 minda
739 1580 802 1646 aab
823 1581 998 1668 Magistro.

269 1734 287 1759 “
306 1730 370 1785 Neo
401 1730 557 1802 qnisquam
587 1731 714 1787 fratrum
743 1733 901 1804 pistrinam
928 1734 976 1789 vol
1003 1734 1156 1790 braeinam
1188 1737 1293 1809 aliquo

232 1815 357 1870 “modo
381 1815 497 1886 ingredi
524 1822 695 1886 prasumat,
721 1818 779 1872 nisi
808 1819 901 1873 frater
919 1819 967 1874 oui
994 1837 1067 1874 cura
1083 1821 1292 1878 committitur.

232 1904 250 1927 “
271 1899 328 1968 Qui
340 1917 408 1953 cum
419 1899 571 1970 ingressus
583 1901 682 1965 fuerit,
693 1902 761 1972 paui
774 1907 804 1957 ot
816 1899 965 1956 ¹eorvisiae
977 1920 1036 1957 non
1046 1903 1291 1976 ‘appropinquet

232 1983 417 2055 “tangendo
440 1983 489 2040 vel
513 1984 612 2055 aliquo
634 1985 691 2040 aiio
710 1985 796 2041 modo
821 1986 989 2052 tractaud03
1017 2004 1086 2041 oum
1105 2004 1163 2042 nou
1187 1988 1291 2046 deceat

231 2075 250 2100 ⁴⁴
269 2072 349 2127 viros
368 2071 436 2126 talia
448 2071 628 2129 infirmitatis
646 2089 682 2128 ea
693 2078 829 2137 tractare,
854 2091 919 2145 quar
938 2074 976 2129 ad
993 2091 1082 2129 usum
1101 2092 1288 2132 communem

232 2158 251 2183 “
270 2155 423 2211 hominum
441 2155 623 2213 ordinantur.

625 2394 676 2459 Da
700 2393 881 2460 Otaaaaro.

267 2551 285 2575 “
303 2546 401 2601 Portae
419 2562 489 2602 vero
506 2560 613 2601 vorsus
626 2545 783 2617 gardinum
794 2545 868 2601 bene
880 2546 1063 2611 claudantur,
1077 2556 1109 2602 et
1120 2548 1284 2603 custodian-

228 2634 248 2659 “
265 2636 324 2696 tur,
344 2633 464 2700 propter
483 2630 630 2694 seandala,
650 2634 681 2685 et
706 2629 765 2685 alia
790 2629 871 2684 mala
894 2647 959 2700 quae
978 2647 1013 2684 ex
1035 2629 1129 2685 libero
1147 2631 1283 2702 ingressu

228 2719 247 2743 “
266 2732 368 2771 eorum
386 2713 506 2785 poss'out
517 2713 589 2769 oriri
599 2735 607 2780 3
627 2731 682 2769 nee
694 2713 851 2785 quisquam
863 2713 989 2769 fratrum
1001 2714 1174 2786 egrediatur
1185 2723 1282 2787 portas

228 2806 246 2831 “
264 2802 341 2867 illas,
360 2800 418 2856 nisi
436 2807 568 2873 tempore
593 2800 775 2866 minutionis,
798 2801 847 2857 vel
874 2801 989 2872 qnando
1014 2801 1123 2873 aliquis
1151 2802 1283 2875 indigeat

230 2888 249 2913 “
269 2885 383 2949 solatio,
401 2885 514 2941 rationo
533 2885 658 2956 alicujus
677 2884 812 2956 specialis
840 2883 1019 2940 infirmitatis
1026 2906 1036 2949 ;
1064 2885 1144 2955 quod
1172 2886 1224 2942 fiat
1246 2888 1281 2942 da

229 2974 247 2998 “
267 2970 387 3026 lieentia
411 2968 588 3040 Superioris.
635 2969 740 3024 Portas
765 2986 846 3033 vero,
868 2986 973 3024 versus
994 2985 1131 3040 eampum
1160 2988 1196 3025 ax
1225 2990 1282 3026 una

228 3059 246 3083 “
264 3062 357 3127 parto,
378 3059 408 3109 et
425 3052 539 3124 regiam
553 3060 676 3108 stratam
689 3070 724 3107 ex
737 3053 840 3117 altera,
858 3052 959 3107 nullus
971 3052 1089 3107 omnino
1103 3054 1282 3124 egrediatur,

228 3141 246 3166 “
266 3138 323 3193 nisi
334 3137 344 3169 ³
354 3138 405 3192 illo
418 3142 533 3193 tantum
547 3136 595 3193 oui
607 3136 792 3207 agricultura
803 3136 1032 3192 *committatur
1065 3137 1193 3208 Expedit
1204 3139 1281 3193 anim

228 3227 246 3251 “
264 3222 419 3295 aliquando
449 3220 639 3292 supervidere
665 3238 801 3276 carrucas
830 3226 860 3275 et
886 3220 1088 3286 seminatores,
1108 3221 1134 3277 si
1153 3222 1281 3278 fideliter

228 3308 247 3334 “
267 3312 433 3377 operentur,
446 3311 477 3360 et
494 3304 660 3374 diligenter.

288 3538 336 3602 De
359 3537 500 3604 lieentia
523 3535 775 3603 Aretidioooai
798 3534 960 3602 euntibus
983 3542 1078 3602 estro
1099 3542 1168 3602 orat
1208 3584 1216 3601 .

263 3686 412 3743 “Nullus
440 3704 512 3757 ergo
537 3689 629 3744 frator
657 3688 775 3743 omnino
805 3687 974 3759 transgredi
999 3694 1161 3759 prasumat
1187 3695 1280 3745 metas

227 3776 247 3802 “
266 3777 419 3830 consuetas
438 3777 468 3827 et
492 3771 615 3835 debitas,
634 3772 762 3842 vagandi
780 3789 870 3827 eausa
891 3789 945 3843 per
968 3771 1106 3843 patriam,
1126 3773 1175 3829 vel
1199 3792 1281 3845 pere·

227 3862 246 3887 “
265 3857 421 3931 grinandi;
448 3855 527 3925 quod
545 3855 597 3925 qni
615 3856 701 3910 aliter
719 3856 833 3921 feeerit,
854 3873 907 3926 per
926 3857 1157 3912 subtractionem
1174 3858 1281 3913 libera·

225 3947 243 3972 ‘¹
263 3944 353 3999 tionis
371 3960 432 3998 sna
451 3939 622 4011 castigatur.
650 3939 707 4009 Qui
719 3957 792 3995 varo
804 3940 1003 3997 absentaverit
1021 3958 1052 3996 se
1066 3948 1149 3997 extra
1160 3941 1279 3997 domum

226 4031 245 4056 “
263 4045 347 4084 auam
376 4044 430 4098 per
460 4030 553 4081 totum
584 4023 661 4079 diam
692 4029 722 4078 et
752 4031 876 4090 noctem,
909 4024 972 4079 sino
1002 4025 1124 4096 speciali
1160 4025 1281 4081 lieentia

225 4111 382 4166 “Domini
405 4110 539 4175 Abbatis‚
566 4109 614 4166 val
639 4109 702 4180 ojus
727 4109 944 4172 Archidiaeoni‚
965 4114 1106 4179 tanquam
1133 4110 1280 4180 fugitivus

225 4197 244 4222 “
263 4195 423 4259 habeatur;
442 4212 496 4250 nee
509 4195 686 4250 coucedatur
699 4193 726 4249 ei
745 4195 898 4265 ingressus
918 4193 981 4247 sine
1000 4193 1098 4264 gratia
1111 4199 1141 4248 et
1158 4194 1281 4250 licentia

224 4280 244 4305 “
264 4278 384 4334 Domini
404 4278 538 4333 Abbatis.

257 4560 262 4589 ¹
275 4561 376 4609 narvisia
387 4561 414 4608 in
423 4559 479 4611 MS.
493 4561 612 4611 Claudius
623 4563 652 4612 E.
663 4563 696 4610 iv.
804 4563 814 4592 ⁸
826 4559 862 4609 illi
874 4561 899 4610 iu
911 4560 968 4612 MS.
981 4562 1102 4614 Claudius
1114 4564 1141 4612 Ε.
1154 4562 1188 4614 iv.

254 4641 263 4668 ²
275 4640 458 4703 appropinquat
471 4639 498 4687 in
510 4640 586 4691 MSS.
810 4641 815 4671 ¹
828 4640 1008 4690 commendatur
1019 4642 1044 4691 iu
1056 4641 1113 4693 MS.
1125 4643 1195 4693 Nero
1206 4644 1240 4694 D.
1253 4646 1269 4695 i.
