3038 5452
522 694 699 745 serenum
723 679 785 767 (s)
1104 685 1164 744 481
1212 716 1215 723 ·

151 960 200 1025 De
218 982 323 1047 poena
344 983 417 1027 twa
440 962 648 1043 testantium,
670 987 729 1030 sert
750 963 835 1029 bons
858 987 922 1029 sus
944 963 980 1028 si
994 963 1147 1048 stando-

468 1065 573 1131 leatcr
592 1065 832 1132 alienantium.

167 1219 186 1243 “
197 1215 301 1274 Gordia
319 1219 419 1275 dolore
438 1220 628 1285 concutimur,
649 1220 792 1276 intuentes
817 1222 895 1293 quod
912 1221 944 1275 in
961 1227 1061 1276 nostra
1080 1220 1170 1290 juris·

129 1304 150 1409 *Ξ
169 1300 305 1367 dictione,
330 1303 444 1359 malitia
468 1304 619 1359 hominum
644 1312 836 1368 excrescente,
855 1305 984 1376 pessima
1005 1303 1171 1374 corruptela

130 1470 150 1493 ‘⁴
168 1474 224 1523 mm
247 1475 387 1535 rectores,
412 1471 528 1535 vicarii,
555 1490 589 1526 se
616 1473 758 1544 capellani
776 1479 807 1528 et
834 1473 944 1535 cleriei,
964 1472 1074 1542 aliique
1101 1489 1169 1525 non·

129 1554 149 1579 ‘⁴
168 1542 244 1606 riulli
254 1553 333 1618 laici,
346 1556 449 1611 mortis
461 1555 565 1611 vieinae
583 1557 780 1627 conjecturam
790 1556 980 1611 verisimilem
999 1555 1169 1617 obtinentes,

129 1639 150 1663 “
169 1637 307 1692 universa
323 1638 399 1694 bona
416 1658 479 1703 sua,
492 1657 545 1694 seu
558 1647 677 1710 quotam
688 1658 788 1695 eorum
806 1646 866 1695 tam
884 1639 1049 1701 notabilem,
1064 1638 1171 1692 donare

130 1722 150 1746 ‘⁶
169 1719 347 1785 interrivos,
362 1739 415 1777 seu
426 1722 512 1777 aliter
524 1722 660 1786 alienare,
674 1729 871 1794 praesumunt3
891 1721 963 1776 adeo
975 1721 1052 1793 quod
1064 1721 1171 1775 nedum

130 1806 150 1830 “
170 1803 311 1868 ecclesiae,
337 1806 375 1862 acl
399 1824 533 1877 quarum,
553 1825 606 1861 seu
629 1806 833 1868 cancellorum,
852 1805 1004 1868 librorum,
1024 1806 1072 1858 vel
1090 1821 1172 1858 orna·

131 1890 151 1914 “
171 1881 345 1954 mentorum,
365 1909 466 1946 earum
484 1892 706 1963 reparationem,
720 1889 790 1944 dum
808 1889 954 1951 vivebant,
969 1888 1084 1942 fuerant
1102 1887 1172 1941 obli·

131 1974 151 1999 ‘¹
171 1973 244 2043 gati,
264 1973 325 2029 suis
350 1975 545 2030 exeluduntur
563 1973 717 2038 remediis;
738 1972 789 2027 sed
806 1973 868 2026 Rex
887 1978 917 2026 et
933 1971 1091 2026 creditores
1110 1971 1170 2032 alii,

131 2059 151 2082 “
170 2055 278 2127 quibus
290 2058 333 2113 sie
344 2058 504 2114 alienantes
517 2057 670 2113 efficaciter
682 2056 862 2120 tenebantur,
882 2056 943 2110 suis
957 2054 1084 2126 juribus,
1104 2071 1173 2108 uxo·

131 2147 150 2170 “
169 2160 276 2214 resque
289 2144 416 2200 etlibsri
434 2146 657 2218 conjugatorum
675 2145 736 2200 suis
754 2143 945 2215 portionibus,
965 2143 1001 2197 de
1020 2148 1171 2196 consuetu·

132 2231 151 2255 “
171 2225 305 2292 dine-vel
317 2228 353 2283 de
362 2229 440 2300 jure,
453 2229 527 2300 ipsis
539 2229 655 2292 debitis,
669 2227 934 2298 irrecuperabiliter
945 2225 1153 2281 defraudantur
1164 2247 1171 2290 ;

132 2315 151 2337 ‘⁴
171 2312 361 2383 nonnullique
385 2313 554 2369 assistentes
578 2312 784 2384 languentibus
802 2313 833 2366 in
850 2311 987 2365 extremis
1005 2309 1172 2380 hujusmodi

133 2399 151 2421 “
171 2395 359 2452 alienationes
377 2395 442 2451 fieri
459 2397 677 2459 consuluerunt,
692 2402 722 2451 et
739 2404 848 2450 temere
867 2400 1069 2465 procurarunt,
1083 2395 1174 2463 ipsos·

132 2483 151 2504 “
171 2495 231 2548 que
246 2479 419 2550 languentes
436 2481 567 2535 consiliis
585 2488 616 2534 et
633 2479 869 2550 persuasionibus
887 2478 1032 2549 perversis
1045 2494 1063 2531 a
1073 2475 1174 2531 volun·

133 2566 152 2588 ⁴·
172 2568 232 2616 tate
250 2562 375 2618 testandi
393 2565 528 2635 nequiter
546 2570 729 2618 averterunt:
756 2581 791 2616 ex
810 2563 915 2633 quibus
934 2561 1071 2633 impediri
1087 2570 1175 2615 testa·

134 2650 153 2672 “
173 2645 264 2700 menti
281 2644 403 2701 liberam
422 2648 585 2705 factionem.
599 2656 629 2702 et
647 2647 784 2702 ecclesias
803 2665 837 2701 sc
855 2652 975 2700 caeteros
994 2644 1175 2715 supradictos

133 2733 152 2756 “
173 2746 227 2783 sno
247 2729 315 2801 jure
342 2748 399 2784 non
424 2731 584 2800 ambigitur
611 2731 755 2785 malitiose
782 2730 900 2801 privari.
938 2728 1021 2784 Unde
1039 2728 1176 2799 praesenti

131 2818 151 2840 “
173 2811 386 2868 Constitutione
411 2814 560 2884 Synodali.
579 2831 679 2869 ornnes
706 2823 735 2868 et
762 2813 894 2883 singulos
919 2813 950 2866 in
972 2811 1176 2884 jurisdictione

132 2901 152 2924 ‘⁸
174 2903 271 2951 nostra
297 2895 437 2968 proedicta
454 2898 595 2952 donantes
620 2915 673 2952 seu
699 2897 859 2952 alienantes
887 2896 984 2952 taliter
1009 2895 1086 2950 bona
1112 2912 1174 2954 sua,

134 2985 153 3007 '⁶
175 2980 286 3035 malitia
304 2982 367 3035 sive
386 2980 499 3043 fraude,
519 3001 552 3036 uc
570 2981 738 3053 hujusmodi
762 2981 882 3036 malitiae
901 2981 963 3035 sive
982 2979 1093 3034 fraudis
1111 2996 1176 3031 con-

134 3068 154 3091 “
174 3061 250 3119 scios
267 3065 441 3136 recipientes
460 3066 502 3120 sie
521 3065 656 3129 alienata,
668 3066 699 3119 in
718 3083 777 3128 ees,
791 3071 821 3119 et
838 3063 875 3119 ad
893 3063 947 3119 hoc
965 3063 1066 3118 dantes
1084 3062 1177 3115 cousi·

134 3152 154 3176 '¹
175 3147 257 3211 lium,
288 3149 438 3213 auxilinm,
470 3150 517 3203 rel
549 3153 686 3209 favorem.
718 3149 837 3219 majoris
873 3145 1176 3203 excommunicationis

135 3236 156 3258 “
176 3233 349 3287 sententiam
367 3234 516 3288 incurrere
528 3233 664 3289 volumus
683 3234 746 3305 ipso
759 3234 843 3288 laeto,
881 3232 1028 3286 Donantes
1046 3231 1175 3300 insuper,

135 3319 156 3344 ‘⁶
176 3323 207 3370 et
223 3333 277 3371 sua
287 3316 363 3371 bona
374 3318 405 3371 in
418 3318 497 3373 dieta
510 3317 716 3389 jurisdictione
734 3323 834 3371 nostra
852 3315 1038 3378 'alienantes
1058 3320 1176 3386 propter

135 3402 157 3426 ‘⁴
177 3400 223 3454 sui
242 3401 416 3471 gravitatem
434 3419 579 3465 excessus,
593 3419 650 3456 non
662 3401 795 3455 obstante
807 3417 978 3470 quacunque
996 3395 1177 3454 absolutione

134 3487 155 3511 ‘⁶
175 3483 314 3554 impensa,
328 3503 346 3539 a
357 3485 497 3556 praedieta
513 3486 656 3540 sententia
672 3485 869 3539 ecclesiastica
886 3488 1004 3538 careant
1016 3483 1176 3554 sepultura.

172 3571 191 3594 “
211 3566 357 3623 Craterum
373 3587 411 3623 ne
428 3569 606 3640 probationis
631 3569 741 3623 fraudis
759 3569 806 3622 vel
825 3568 945 3623 malitiae
970 3569 1002 3622 in
1018 3567 1074 3622 hae
1093 3573 1177 3638 parte

136 3654 158 3678 “
177 3649 331 3706 difficultas
349 3652 544 3722 provisionem
568 3658 741 3724 praesentem
759 3651 862 3707 reddat
880 3652 1024 3716 inutilem,
1044 3652 1179 3722 quotiens

136 3738 157 3761 ‘⁸
176 3733 266 3806 aliqui
284 3734 359 3789 bona
376 3753 430 3790 sua
447 3737 545 3791 omnia
562 3738 638 3791 inter
649 3736 731 3791 vivos
751 3736 855 3807 quovis
872 3737 959 3791 titulo
977 3736 1112 3797 alienant,
1127 3751 1178 3787 sen

137 3820 159 3844 ‘⁴
177 3817 209 3872 in
226 3817 386 3888 quantitate
399 3828 459 3873 tam
476 3819 607 3879 notabili.
621 3819 699 3889 quod
711 3825 849 3891 appareat
859 3819 896 3874 de
913 3819 1031 3874 residuo
1047 3817 1178 3872 eeclesiis

137 3903 160 3928 “
178 3900 224 3955 vel
243 3900 436 3957 creditoribus
454 3903 520 3957 aliis
538 3902 574 3956 de
596 3906 657 3958 suis
677 3903 793 3967 debitis,
813 3904 952 3957 uxoribus
970 3908 1001 3956 et
1018 3901 1119 3955 liberis
1142 3898 1178 3953 de

137 3987 158 4012 “
178 3983 240 4040 suis
258 3986 439 4056 portionibus
459 3986 643 4058 supradictis,
661 4006 718 4042 non
736 4004 820 4058 pesse
840 3986 984 4050 satisfieri,
999 3985 1075 4039 sieut
1086 3982 1177 4045 decet,

138 4072 159 4095 “
178 4067 314 4124 alienatio
330 4069 498 4142 hujusmodi
515 4089 568 4142 per
586 4071 729 4125 malitiam
750 4073 812 4125 sive
829 4070 960 4125 fraudem
980 4086 1014 4122 eo
1035 4067 1099 4137 ipso
1116 4067 1177 4119 fieri

137 4155 158 4179 ‘¹
177 4158 339 4218 censeatur,
367 4154 486 4208 malitis)
505 4156 567 4210 sive
591 4155 702 4209 fraudis
721 4156 889 4226 probatione
907 4152 1039 4207 ulteriori
1061 4151 1181 4204 minimo

139 4238 158 4262 ‘⁴
178 4235 329 4306 requisita.

539 4496 545 4528 ¹
560 4496 704 4547 intimantes
715 4496 739 4544 iu
751 4496 806 4545 MS.
