3038 5452
444 736 657 787 uorusrnarr
680 735 802 786 serron
824 733 961 789 aarum.
1159 715 1221 790 171

178 927 260 994 mori
283 927 431 1004 mallent,
455 947 552 1011 quam
581 925 745 1010 scriptum
770 922 959 1008 hujusmodi
985 921 1093 1008 sigillo
1115 942 1226 986 eorum
1270 937 1357 1004 Hugh,

176 1030 341 1095 communi
364 1028 577 1114 consignare:
603 1028 766 1112 ponentes
781 1023 883 1088 verba
902 1023 1012 1089 suain
1030 1045 1085 1089 ore
1101 1022 1228 1087 Fratris
1267 1005 1364 1133 &a

179 1132 311 1199 Ricardi
345 1131 386 1196 de
420 1131 578 1206 Paxtonc,
611 1127 845 1192 Archidiaconi
885 1126 1080 1191 Monasterii
1114 1125 1227 1191 Sancti
1280 1136 1348 1187 Ar).

178 1217 308 1312 Albani,
330 1235 439 1322 ipsum
462 1238 592 1298 attente
616 1233 778 1316 rogantes,
802 1229 891 1316 quod
920 1229 1053 1295 nomine
1079 1229 1226 1294 omnium
1256 1209 1377 1254 ΠΜ·

178 1343 211 1403 et
232 1337 438 1424 singulorum
461 1335 502 1400 de
534 1332 699 1421 Capitulo,
723 1354 762 1398 ac
793 1353 860 1409 suo,
883 1332 1073 1418 hujusmodi
1105 1330 1360 1403 iaceretThroush

178 1440 456 1526 protestationem.
497 1437 563 1517 Qui
578 1436 713 1522 quidem
728 1435 989 1501 Archidiaconus
1002 1435 1135 1501 nomine
1158 1457 1226 1514 suo,
1237 1402 1387 1529 ffiffi

179 1564 214 1607 ac
228 1541 331 1607 etiam
346 1541 494 1605 omnium
511 1544 545 1605 et
561 1537 768 1625 singulorum
791 1539 832 1602 de
849 1537 1016 1626 Capitulo,
1031 1543 1065 1602 et
1081 1537 1227 1625 Capituli
1238 1536 1394 1654 31:53?th

179 1645 319 1722 nomine,
355 1643 603 1731 protestabatur
635 1641 834 1726 praedictum
864 1642 1022 1729 scriptum
1051 1664 1086 1707 se
1119 1641 1362 1729 SiSfflOmemue'r.

180 1745 344 1810 communi
376 1744 463 1809 nolle
495 1743 686 1830 consignare
710 1744 936 1828 quovismodo,
960 1744 1016 1809 sed
1046 1744 1146 1809 citius
1166 1735 1394 1853 proffl‘ffss·

176 1848 249 1934 jure
265 1846 461 1912 Monasterii
476 1846 560 1911 mori
583 1846 619 1910 in
642 1843 704 1908 hac
729 1850 844 1932 parte;
869 1868 928 1933 pro
944 1868 981 1911 eo
1003 1847 1091 1932 quod
1114 1845 1396 1935 hujus-remurypro.

181 1950 269 2015 modi
284 1950 364 2016 facti
381 1949 553 2028 concessio,
569 1949 597 2015 si
614 1971 716 2035 super
731 1950 845 2014 eadem
860 1948 1019 2037 scriptum
1033 1950 1226 2037 praedictum
1238 1937 1394 2067 {fflssgffil

182 2053 263 2120 foret
284 2053 393 2140 sigillo
416 2054 582 2118 communi
604 2052 845 2140 consignatum,
872 2053 908 2117 in
931 2053 1227 2120 exhaeredationem
1238 2077 1388 2135 naamani

183 2156 373 2222 Monasterii
395 2157 555 2233 tenderet,
578 2159 613 2220 et
636 2155 924 2241 dilapidationem,
946 2157 982 2221 in
1004 2156 1160 2222 futurum.

224 2258 338 2323 Abbas
360 2258 472 2344 igitur,
495 2258 617 2322 timens
643 2257 732 2321 mala
756 2278 830 2343 quae
852 2257 1076 2325 verisimiliter
1097 2263 1228 2347 possent
1240 2280 1296 2331 The
1307 2279 1395 2334 Athos

183 2381 352 2447 emergere,
382 2360 447 2425 nisi
478 2359 636 2447 praedicta
668 2359 901 2447 sigillarentur,
932 2363 1047 2427 statim
1077 2362 1228 2429 exhibuit
1239 2348 1389 2481 ffiffir

184 2464 304 2550 regiam
326 2461 483 2542 litteram,
506 2463 547 2528 de
571 2485 636 2550 qua
662 2463 765 2529 locuti
793 2486 925 2546 sumus;
956 2489 1032 2554 quae
1057 2467 1394 2559 mandavittermnjoin·

184 2573 219 2631 ut
250 2567 465 2645 concordiam,
497 2588 607 2632 coram
637 2589 696 2632 suo
729 2565 875 2634 Consilio
906 2568 1036 2648 factam,
1059 2571 1173 2636 Abbas
1195 2562 1367 2665 etffffis„

186 2667 375 2734 Conventus
390 2670 621 2734 confirmarent
636 2669 744 2756 sigillo
759 2691 818 2734 suo
833 2673 1006 2738 communi.
1046 2674 1120 2754 Qua
1134 2674 1227 2751 lecta,
1239 2680 1268 2730 of
1276 2680 1319 2732 the
1354 2733 1358 2740 .

185 2771 304 2850 Abbas,
341 2770 517 2837 Conventu
548 2771 596 2836 ibi
628 2779 835 2859 congregato,
870 2774 905 2838 in
942 2774 1070 2842 virtute
1107 2780 1228 2842 sanctae
1240 2755 1394 2812 mmm*

185 2873 378 2940 obedientiae
401 2873 567 2962 praecepit,
598 2874 686 2960 quod
717 2875 877 2962 scriptum
906 2877 1093 2963 hujusmodi
1123 2877 1229 2966 sigillo

183 2997 240 3043 suo
263 2978 431 3043 communi
453 2978 598 3043 facerent
614 2979 807 3065 consignari.
846 2980 985 3066 Propter
999 2981 1094 3066 quod,
1118 3002 1229 3047 omnes
1241 2983 1286 3033 All
1297 2983 1339 3033 uc

162 3081 342 3158 monachi,
358 3084 416 3166 qui
439 3086 614 3168 praesentes
636 3087 741 3158 erant,
757 3104 825 3169 prae
840 3082 958 3147 timore
976 3084 1125 3149 mandati
1146 3083 1229 3170 regii
1241 3051 1339 3177 ffif’
1350 3049 1378 3099 in

180 3187 216 3247 et
238 3181 445 3259 obedientiae,
478 3183 595 3260 territi,
627 3187 798 3272 surgentes
830 3181 1021 3270 Capitulum
1054 3182 1363 3265 exierunt31eavetb0

179 3284 430 3372 consignationi,
447 3305 506 3349 seu
528 3285 731 3373 sigillationi,
755 3285 872 3373 scripti
894 3288 1055 3374 praedicti,
1077 3289 1228 3375 quotiens
1240 3250 1390 3384 §diffisa

178 3388 289 3473 petita
311 3386 426 3464 fuerat,
450 3388 710 3454 contradicentes
732 3410 891 3476 expresse.
1241 3384 1388 3504 mered

227 3489 376 3554 Tandem
415 3489 549 3554 Abbate
589 3497 736 3576 urgente,
779 3497 813 3557 et
850 3491 994 3578 pericula
1022 3492 1230 3561 imminentia
1240 3527 1391 3584 agreement

178 3591 392 3678 praedicente,
441 3591 543 3656 inviti
590 3594 748 3680 scriptum
795 3597 1097 3684 consignaverunt3
1144 3597 1231 3664 facta
1242 3598 1397 3676 anormal-

180 3701 297 3757 tamen
320 3692 412 3779 prius
433 3694 675 3780 protestatione
698 3717 808 3761 coram
833 3697 994 3785 Magistro
1016 3699 1040 3764 J
1042 3700 1170 3766 ohanne
1191 3702 1232 3766 de
1243 3665 1389 3795 {ifitlffd

183 3793 390 3860 Maideforde
421 3800 456 3860 et
488 3796 512 3861 J
514 3796 642 3862 ohanne
674 3796 705 3863 le
739 3797 827 3885 Hay,
858 3801 996 3866 notariis
1026 3802 1174 3888 publicis,
1196 3807 1232 3870 et
1242 3798 1296 3847 5⁰¹¹
1304 3799 1388 3875 oerore

184 3895 327 3961 testibus
348 3901 429 3963 tunc
451 3900 680 3984 praesentibus,
703 3899 764 3965 hoc
794 3923 855 3987 per
876 3903 946 3968 vim
976 3910 1010 3969 et
1039 3910 1173 3986 metum,
1196 3870 1349 3993 elidii?

186 4020 253 4063 non
276 4000 318 4064 de
339 4021 429 4065 mera
450 4001 632 4079 voluntate,
656 4022 850 4069 conoessum.
888 4004 940 4070 De
972 4026 1037 4091 qua
1057 4029 1093 4072 re
1115 3995 1397 4113 statimiffieffiffll

1286 1300 1351 1314 -

186 4101 264 4166 fecit
282 4101 459 4188 praedictus
481 4103 505 4168 J
507 4104 653 4169 ohannes
675 4104 705 4168 le
730 4105 810 4192 Hay
832 4106 1141 4174 instrumentum.—
