3038 5452
413 732 624 783 monssrrmr
648 732 769 781 senem
792 731 930 781 Assem.
1135 717 1200 786 287

155 922 255 986 etiem
282 922 445 987 Dominus
469 923 590 999 Abbae,
614 926 772 1007 tanquam
799 920 988 985 indifferens
1011 920 1055 984 od
1076 923 1372 990 utrum-Richemn,

155 1046 225 1109 que,
249 1026 438 1103 oedendum,
462 1025 593 1103 scilieet,
615 1025 669 1090 vel
700 1023 737 1088 in
758 1024 917 1110 regimine
951 1022 1200 1109 persistendum,
1246 998 1344 1126 ξξζξῒ,

155 1148 342 1213 quenquam
366 1127 455 1213 apud
478 1150 512 1193 se
537 1128 577 1192 de
599 1126 734 1213 regendi
756 1124 959 1203 sufficientis,
982 1147 1041 1212 pro
1070 1146 1202 1189 suerum
1259 1131 1330 1182 AJ).

154 1229 276 1294 virium
303 1230 445 1310 modulo,
467 1229 602 1295 heberet
632 1229 852 1295 consociorum
876 1228 1102 1293 testimonium
1122 1228 1203 1292 setis
1235 1203 1361 1302 ΨΜ

154 1331 297 1416 plenum,
327 1354 387 1398 nee
409 1333 452 1397 od
473 1333 597 1412 horem,
619 1331 672 1397 vel
696 1333 796 1397 semel
826 1331 951 1410 saltem,
973 1330 1107 1395 vultum
1129 1351 1201 1394 mu·
1214 1330 1369 1411 throughppt

153 1435 252 1515 tevit,
273 1440 335 1500 out
367 1457 481 1512 mores,
512 1438 647 1522 propter
677 1435 763 1512 iste,
799 1454 865 1515 noo,
897 1434 1023 1499 eunetis
1044 1432 1204 1498 fratribus
1215 1397 1366 1515 ttppnmqme-

153 1536 262 1602 visum
296 1535 369 1615 fuit,
392 1539 436 1603 od
468 1537 633 1603 modicum
663 1536 866 1602 movebatur.
922 1535 1019 1600 Nihil
1045 1540 1205 1622 praeteree

154 1638 246 1703 eliud
270 1639 421 1705 ordinere
447 1640 554 1705 voluit
577 1660 637 1725 pro
662 1639 744 1715 istie,
770 1640 823 1703 vel
854 1644 969 1704 eontra
999 1639 1073 1716 iste,
1104 1658 1204 1724 quom
1217 1655 1326 1721 Heputs

154 1747 226 1806 erat
250 1741 454 1822 foeturus,si
488 1764 656 1827 nunquam
689 1743 731 1806 de
761 1742 822 1806 hae
843 1762 878 1805 re
901 1741 1064 1821 audisset3
1086 1722 1374 1853 praeterfflffioffe

153 1842 198 1922 id,
214 1844 304 1929 quod
326 1845 468 1909 eoelesiae
490 1865 622 1909 eausam
644 1844 778 1909 domino
800 1865 859 1907 suo
882 1848 917 1908 et
938 1848 1086 1930 petrono,
1103 1844 1206 1908 Beato
1217 1855 1314 1985 pigra,

154 1944 295 2022 Albano,
311 1967 385 2011 eum
400 1947 575 2012 devotione
597 1945 783 2025 oommisit3
805 1966 964 2031 reponens
986 1951 1091 2010 totam
1115 1968 1205 2032 spem
1219 1987 1255 2039 S,
1264 1989 1358 2042 Alban

155 2067 248 2111 susm
269 2047 306 2111 in
329 2047 409 2124 Deo,
431 2068 498 2112 non
532 2048 568 2113 in
598 2047 748 2127 homine;
783 2047 972 2113 reoordetus
1005 2048 1098 2113 verbi
1131 2069 1205 2135 pro-

155 2148 342 2234 phetici—¹
355 2159 372 2184 “
388 2150 584 2216 Maledictus
621 2151 673 2215 vir
711 2151 768 2235 qui
806 2149 943 2215 confidit
973 2150 1009 2214 in
1046 2149 1207 2230 homine,''

156 2257 186 2316 et
201 2257 326 2317 ooetera.

201 2353 288 2433 Quia
310 2359 422 2419 temen
445 2360 523 2420 onte
545 2355 606 2420 hoo
628 2355 778 2420 triduum
801 2355 933 2421 audivit
955 2355 1042 2440 quod
1072 2357 1206 2442 quidem
1218 2361 1375 2410 Hesenosto

157 2456 335 2522 monachus
367 2457 409 2521 de
439 2457 649 2543 Abyndonie,
673 2456 836 2535 videlieet,
859 2458 1118 2543 praenominetus
1149 2427 1360 2557 Rllnllli’rloof

157 2559 273 2624 serdus
304 2560 344 2624 de
375 2558 522 2636 Ildeslee,
546 2559 740 2646 impetravit
769 2558 806 2623 in
836 2558 939 2625 (luris
962 2559 1111 2626 Romane
1132 2560 1343 2649 pro-‘hemps

158 2659 318 2726 visionem
340 2683 441 2748 super
462 2662 523 2727 hoe
545 2659 793 2739 Monasterium,
815 2666 851 2727 et
880 2662 941 2727 hoo
970 2662 1016 2727 de
1033 2665 1206 2731 voluntate
1219 2624 1377 2744 sslffilis

159 2762 285 2828 domini
308 2764 415 2830 nostri
446 2765 554 2852 Regis,
578 2769 612 2830 et
643 2765 712 2850 ejus
741 2786 920 2852 proeerum,
943 2767 1000 2852 qui
1032 2767 1097 2833 sibi
1126 2760 1333 2837 tunoim‘fsel

158 2866 262 2953 mages
296 2866 473 2931 familiares
504 2868 786 2955 fuerans-pue,
817 2869 953 2934 Domini
976 2868 1134 2936 wmermi
1164 2873 1205 2937 de
1219 2825 1360 2943 llll

159 2969 275 3034 Monte
305 2971 485 3046 Aeeteos
515 2971 656 3035 aliorum
679 2972 885 3056 quorundam
897 2999 905 3054 ;
936 2973 1029 3038 misit
1059 2973 1205 3039 Priorem
1218 2959 1377 3076 fflfflfffi

158 3092 254 3136 suum
277 3072 321 3136 ed
342 3071 535 3150 Eboracum,
558 3073 601 3137 od
623 3073 755 3159 Regem,
772 3076 829 3159 qui
851 3082 931 3142 tuno
952 3078 1061 3142 tenuit
1084 3038 1379 3157 Parlietnngell'e

158 3178 307 3240 mentum
329 3172 461 3254 ibidem,
485 3175 530 3238 ed
552 3175 783 3260 alloquendum
806 3200 890 3255 eum,
914 3185 948 3244 et
977 3180 1020 3244 ab
1042 3202 1080 3245 eo
1103 3159 1339 3276 scisci-{gfff

159 3276 307 3353 tondum,
332 3276 361 3340 si
391 3277 574 3342 voluntatis
604 3299 673 3343 suae
704 3279 790 3343 soret
821 3281 909 3365 quod
932 3282 1009 3347 telis
1031 3288 1208 3349 extraneus
1302 3262 1308 3274 ’

160 3379 336 3446 monachus
358 3380 531 3446 invaderet
554 3381 688 3446 domum
711 3404 812 3461 suam,
830 3385 923 3470 cujus
945 3386 1024 3473 ipse,
1041 3393 1075 3452 et
1095 3410 1210 3475 proge-

160 3484 284 3548 nitores
308 3483 368 3561 sui,
393 3489 474 3547 sunt
496 3485 637 3571 petroni,
660 3489 797 3563 tutores,
821 3487 983 3567 advocati,
1006 3490 1208 3571 fundatores

161 3591 194 3650 et
225 3584 352 3650 domini
384 3586 548 3672 speciales.
595 3585 668 3666 Quo
700 3608 775 3652 eum
806 3591 1010 3675 pervenisset
1041 3593 1144 3673 Prior,
1176 3601 1210 3660 et

160 3687 361 3753 obtinuisset
382 3689 519 3766 editum,
542 3694 732 3774 sequentem
755 3692 948 3777 petitionem
974 3696 1118 3762 Consilio
1142 3698 1209 3763 Do·

160 3788 242 3854 mini
277 3789 377 3876 Regis
407 3790 443 3854 in
474 3789 570 3875 pleno
608 3790 829 3858 Perliemento
866 3799 1013 3882 porrexit
1024 3801 1211 3881 ;—scilieet,
1223 3822 1362 3874 substance

160 3892 249 3978 quod
271 3891 416 3958 Domino
439 3891 524 3979 Regi
541 3893 593 3957 sui
615 3893 755 3960 humiles
772 3895 949 3984 Capeliani,
966 3901 1062 3968 Prior
1075 3909 1109 3969 et
1125 3903 1209 3969 Con·
1221 3889 1333 4006 {seffgon
1344 3970 1372 4004 so

159 3999 279 4060 ventus
293 3994 334 4058 de
357 3993 478 4060 Sancto
494 3995 635 4073 Albano,
650 4002 878 4066 monstrarunt
900 4004 987 4088 quod
1002 4026 1075 4070 eum
1092 4006 1208 4070 domus
1220 4022 1351 4087 presented

160 4097 320 4184 praediete
352 4120 373 4161 o
406 4106 551 4185 tempore
585 4120 649 4184 quo
680 4098 794 4166 Abbas
828 4102 973 4187 ejusdem
1002 4107 1119 4172 domus
1149 4086 1379 4193 qui¹⁰¹¹¹⁰ffi¹¹⁸·

160 4219 248 4265 nuno
280 4204 339 4278 est,
363 4204 399 4264 et
430 4206 607 4286 antequam
634 4222 715 4267 onus
746 4209 780 4268 et
805 4207 951 4293 regimen
974 4207 1054 4273 dieti
1084 4212 1208 4296 recepit

158 4300 353 4368 Monesterii
367 4301 455 4367 idem
469 4302 590 4381 Abbas,
604 4302 670 4368 fuit
685 4307 831 4391 graviter
846 4315 982 4375 onerato
995 4333 1054 4398 per
1069 4311 1201 4378 diverse

160 4403 274 4470 debite
303 4427 324 4469 e
353 4426 486 4470 suorum
516 4407 786 4491 praedeoessorum
808 4412 1017 4499 temporibus,
1051 4419 1085 4479 et
1108 4417 1207 4482 etiem

586 4650 697 4703 ¹Jm
709 4651 771 4705 xvii.
789 4659 813 4704 5.
