3038 5452
315 686 379 748 104
689 690 797 745 ossrl
820 692 984 746 insursu

158 876 227 927 John
238 876 297 936 We
318 889 337 912 “
358 885 453 940 nuent
468 882 528 939 diei
545 891 575 939 et
590 884 718 956 intelligi
736 884 811 940 inter
828 902 891 947 noe,
912 880 990 954 quod
1007 881 1133 954 pitancia
1149 881 1277 939 ulterius
1293 896 1360 952 pre-

182 942 269 1061 ffib‘kt
320 974 338 995 “
358 969 393 1023 tii
411 985 497 1039 quern
522 969 608 1023 unius
635 968 746 1023 denarii
773 967 888 1023 infirmo
914 967 999 1023 fratri
1027 984 1086 1022 non
1110 965 1201 1021 debet
1215 964 1357 1027 exhiberi,

195 1047 278 1127 gp]
320 1056 339 1078 “
359 1052 414 1108 sub
437 1069 523 1124 poene
543 1053 728 1122 praecipimus
750 1053 944 1108 severissimos
964 1051 1095 1114 ultionis,
1118 1049 1197 1120 quod
1220 1048 1286 1105 eive
1304 1065 1360 1121 pro

176 1147 280 1193 law-8.
320 1140 338 1162 ⁴¹
359 1153 426 1200 uno,
441 1136 502 1190 sive
521 1153 572 1206 pro
590 1134 712 1198 duobus,
733 1136 795 1190 sive
813 1135 948 1206 pluribus
966 1134 1104 1197 denariis,
1117 1133 1249 1205 pitancia
1258 1133 1361 1204 hnjus-

198 1237 261 1247 ·-
320 1224 338 1245 ··’
358 1218 436 1273 modi
448 1219 505 1272 emi
523 1218 635 1282 debent,
655 1219 737 1273 illum
753 1218 859 1274 hebent
875 1220 976 1282 freter,
991 1218 1034 1274 sic
1046 1217 1152 1273 debilis
1170 1223 1201 1273 et
1218 1222 1359 1288 aegram,

320 1308 338 1330 ⁴⁴
359 1320 420 1358 suae
439 1302 581 1356 debilitati
603 1310 633 1357 et
648 1302 809 1357 infirmitati
828 1309 1046 1372 congruentem,
1066 1302 1129 1357 sine
1147 1301 1238 1373 pretii
1255 1297 1360 1355 diffini-

321 1391 339 1413 “
358 1387 458 1451 tione;
485 1404 549 1456 quus
577 1386 695 1456 quidem
720 1384 757 1440 sd
781 1391 914 1456 potenter
938 1386 1089 1441 alleviatus
1107 1404 1126 1440 e
1142 1384 1256 1447 morbo,
1275 1389 1307 1439 et
1322 1382 1360 1438 nd

320 1475 338 1496 “
358 1469 543 1541 paralyticos
570 1477 600 1523 et
617 1471 654 1524 ud
685 1469 894 1540 ¹podegrosos,
923 1475 953 1523 et
970 1469 1147 1531 consimiles,
1174 1474 1260 1539 optes
1284 1467 1359 1531 esui,

320 1558 338 1579 ‘¹
358 1553 428 1608 licet
445 1552 582 1607 membris
600 1554 721 1625 ineptos,
741 1553 783 1607 its
799 1552 885 1623 plene
896 1553 1030 1607 volumus
1048 1551 1173 1607 extendi.
1212 1551 1257 1606 Eo
1269 1550 1361 1615 solvo,

321 1641 340 1663 “
360 1637 437 1706 quod
454 1638 563 1708 passim
582 1637 659 1692 cirea
682 1654 781 1692 omues
801 1636 837 1691 sd
861 1644 929 1691 voto
950 1655 1012 1702 suo,
1038 1643 1179 1707 quantum
1199 1635 1244 1690 ies
1263 1641 1295 1690 et
1317 1634 1361 1689 fe·

321 1725 339 1746 “
360 1721 452 1775 cultas
477 1721 655 1793 pemittant,
683 1722 777 1776 omnis
804 1720 976 1783 humanitus,
1003 1738 1071 1775 cum
1097 1719 1280 1783 sufficientis,
1308 1719 1363 1773 im·

321 1810 340 1831 ‘⁴
360 1805 511 1876 pendatur.
532 1805 579 1859 Ad
590 1805 662 1869 hoec,
677 1824 744 1859 cum
755 1823 812 1858 uon
824 1805 941 1859 deceret
952 1811 1087 1874 egrotos,
1101 1810 1221 1874 propter
1234 1803 1365 1875 plurimu

321 1892 340 1915 ⁴⁸
359 1889 464 1959 quibus
476 1889 743 1943 circumveniuntur
755 1888 945 1950 incommode,
960 1887 1061 1957 egredi
1072 1888 1138 1942 locu
1149 1887 1290 1943 distincta
1301 1888 1365 1943 suis

322 1977 340 2000 ‘⁸
362 1973 472 2037 usibus,
505 1972 691 2045 probibemus
719 1973 841 2026 infirmis
863 1972 893 2025 in
920 1971 1087 2025 Infirmerie
1116 1973 1227 2026 exitum
1257 1989 1365 2028 versus

322 2064 339 2082 “
359 2057 512 2127 coquinam
542 2056 680 2126 ipsorum,
702 2057 829 2127 exceptis
856 2056 951 2109 causis
978 2055 1210 2119 rationabilibus,
1239 2055 1357 2112 scilicet

323 2146 340 2167 ¹⁸
361 2141 481 2204 balneis,
502 2140 720 2205 minationibus,
740 2146 770 2193 et
787 2139 993 2194 consimilibus.

359 2228 378 2251 “
392 2224 477 2288 Item,
493 2224 569 2294 quod
588 2224 687 2278 nullus
704 2224 865 2295 ²gistunus,
880 2224 930 2294 qui
947 2240 1004 2278 uon
1023 2224 1157 2294 sequitur
1169 2225 1366 2292 Conventum,

325 2312 343 2335 ‘⁴
363 2309 452 2363 intret
469 2309 632 2380 gardinum,
652 2310 699 2362 vel
717 2317 799 2364 exeat
816 2314 897 2379 septa
914 2309 1093 2363 Monasterii.
1130 2309 1170 2364 Et
1187 2310 1251 2365 haec
1263 2310 1368 2366 eudem

325 2395 343 2418 ¹‘
363 2391 441 2446 circe
458 2392 530 2446 tules
549 2393 579 2444 iu
597 2392 687 2446 Collis
713 2393 820 2448 uostris
846 2399 1064 2456 commorantes,
1090 2393 1175 2463 juxto
1199 2394 1367 2450 considers-

363 2476 470 2529 tionem
483 2475 627 2538 Priorum,
646 2477 830 2547 praecipimus
842 2476 1005 2539 observari;
1025 2482 1058 2530 ut
1070 2477 1146 2530 sicut
1164 2494 1222 2532 nou
1239 2477 1367 2534 hiccine

303 2604 309 2616 .
325 2564 342 2586 ‘⁸
362 2566 469 2623 nostru,
485 2559 526 2614 sic
545 2576 598 2614 neo
610 2559 680 2613 olibi
693 2561 755 2614 siue
769 2560 910 2622 Priorum,
923 2559 1041 2614 licentio
1054 2560 1184 2631 speciali,
1195 2561 1368 2632 hujusmodi

324 2647 342 2672 ·‘
362 2660 500 2714 egressus
518 2642 698 2698 concedetur.

421 2845 469 2908 De
490 2839 752 2919 niilurlieuibns,
766 2848 795 2906 ct
818 2840 1025 2907 liberioribus
1047 2841 1272 2910 retinerer-ren.

359 3003 474 3065 “ltem‚
494 3014 561 3053 curu
574 2994 610 3048 de
629 2994 783 3058 similibus,
803 2993 833 3048 iu
858 3000 999 3064 quantum
1017 2993 1134 3058 similis,
1156 2995 1263 3052 similis
1281 2998 1366 3055 adhi-

324 3091 342 3114 “
362 3086 456 3142 beude
468 3088 511 3138 est
524 3079 652 3152 operatio
665 3078 790 3149 pietatis,
804 3096 837 3132 uc
855 3077 959 3132 minuti
972 3077 1112 3148 sunguine
1125 3086 1245 3152 propter
1258 3100 1368 3155 urgan.

364 3177 424 3227 tem
436 3171 571 3224 deorsum
590 3163 782 3218 conditionem
801 3162 966 3226 humanum,
980 3161 1070 3216 donec
1088 3163 1194 3218 saltem
1212 3165 1304 3221 robur
1322 3186 1368 3223 re·

364 3253 548 3326 sumpserint,
563 3254 668 3319 egeout
680 3247 747 3302 duci
759 3265 811 3317 per
819 3247 915 3318 legem
923 3246 1121 3311 infirmorum
1142 3248 1220 3303 circu
1230 3250 1312 3322 ipsos
1323 3255 1367 3310 sic

362 3337 509 3394 observari
527 3333 721 3405 precipimus,
736 3350 770 3385 ex
781 3336 881 3386 nostre
898 3329 1079 3400 indulgentia
1096 3332 1226 3403 speciali,
1241 3336 1367 3402 scilicet,

325 3427 343 3450 ¹⁴
363 3421 441 3492 quod
465 3417 656 3473 minutionem
676 3433 758 3468 sunm
784 3415 897 3487 capient
931 3431 1045 3484 semper
1069 3415 1171 3470 diebus
1190 3416 1365 3486 Dominicis,

325 3510 343 3531 ‘⁶
363 3522 422 3560 non
439 3498 616 3573 impediendi
628 3505 745 3568 propter
755 3498 857 3569 Cupns.
893 3498 933 3552 Et
946 3497 1023 3568 quod
1034 3498 1129 3568 primo
1141 3499 1188 3553 die
1201 3503 1365 3568 comedent,

325 3594 344 3616 “
363 3606 420 3644 non
436 3586 528 3658 petite
545 3583 671 3643 licentia,
692 3581 722 3634 in
740 3582 802 3636 loco
819 3582 941 3637 minutis
959 3581 1117 3652 assignato,
1137 3583 1210 3639 cibis
1238 3589 1368 3644 contenti

325 3677 344 3699 ‘¹
363 3669 558 3742 regularibus,
576 3665 633 3719 uisi
652 3664 731 3719 uliud
748 3667 900 3736 proveniet
911 3665 1094 3737 providentie
1112 3668 1246 3737 pietatis;
1266 3676 1298 3726 et
1315 3673 1368 3729 ubi

325 3762 344 3784 “
364 3757 579 3813 consueverunt
603 3749 729 3804 secundo
757 3750 804 3803 die
826 3750 995 3805 minutionis
1017 3751 1137 3805 chorum
1156 3752 1274 3823 ingredi
1292 3756 1367 3811 ud-

325 3846 344 3869 “
366 3840 491 3910 ‘Agnus
510 3833 585 3889 Dei’
604 3832 704 3888 Missae
721 3832 853 3898 Minoris,
880 3834 915 3888 de
936 3840 1042 3888 oaetero
1060 3835 1195 3890 volumus
1214 3838 1293 3908 quod
1311 3858 1366 3896 uec

326 3929 345 3952 '⁴
365 3922 493 3980 secundo
511 3918 567 3983 die,
587 3934 640 3972 uec
660 3916 754 3980 tertio,
775 3918 902 3988 exceptis
929 3918 1025 3972 Festis
1052 3917 1233 3989 etExequiie
1252 3922 1367 3980 Princi-

326 4013 344 4036 “
364 4007 489 4080 palibus,
509 4019 600 4073 nsque
618 4001 656 4054 ed
667 4000 822 4070 Vesperies,
842 4001 962 4056 chorum
974 4001 1139 4058 nullatenus
1152 4003 1367 4074 ingredientur.

325 4097 343 4118 ‘⁸
364 4093 401 4146 Iu
418 4089 484 4145 eliis
503 4087 582 4142 circe
608 4103 657 4139 eos
675 4090 844 4155 permaneat
870 4085 1047 4139 consuetudo
1070 4086 1200 4157 antique.
1238 4087 1279 4144 ut
1296 4108 1366 4146 cum

324 4181 342 4203 ‘¹
363 4174 449 4230 dictis
479 4169 599 4225 minutis
626 4168 743 4222 licentio
776 4168 918 4238 spatiandi
953 4169 1107 4234 tribuetur,
1136 4170 1210 4226 huuc
1249 4175 1368 4231 extendi

325 4263 344 4286 “
363 4259 498 4314 volumus
516 4256 553 4309 ed
576 4252 730 4325 gardinum
756 4258 787 4307 et
810 4252 847 4306 ud
873 4252 1011 4307 Sanctum
1039 4252 1224 4319 Germanum,
1253 4262 1284 4312 et
1308 4276 1367 4315 nou

326 4346 345 4370 ¹‘
364 4349 447 4398 extre
471 4344 555 4410 septe
572 4336 753 4400 Monesterii,
771 4335 828 4390 nisi
854 4335 885 4390 id
911 4354 963 4406 per
982 4337 1169 4408 Superiorem
1197 4341 1367 4411 specialiter

358 4549 497 4615 ¹pcdeyros
519 4548 546 4596 in
569 4546 634 4609 MS,
652 4547 687 4611 by
706 4543 819 4594 inadver-
892 4543 1366 4610 ²Called⁸·gisnrius,”intheeonsti-

324 4642 401 4685 senec.
859 4625 989 4675 iulienses
998 4626 1084 4676 Abbot
1093 4625 1206 4678 Thomas
1214 4629 1245 4679 de
1254 4629 1361 4685 lallare
