3038 5452
45 3149 49 3155 .
153 3111 271 3175 Bishop’s

325 708 368 771 92
704 721 812 769 arsrr
835 721 997 771 assurim

164 915 304 974 JohnIV„
326 920 343 944 “
366 909 633 996 ¹n0ngentarum
667 910 836 989 librarum,
866 915 900 975 et
937 932 1048 976 carum
1086 915 1246 997 respectu,
1278 932 1377 999 super

189 982 285 1106 ἐξὲξ,
327 1019 343 1046 “
366 1011 527 1077 solutione
562 1011 716 1078 facienda.
775 1014 822 1077 Et
859 1012 909 1077 ita
931 1035 1001 1078 sors
1023 1017 1194 1099 superaret
1224 1012 1377 1079 debitum

202 1114 268 1164 Ab.
326 1114 544 1200 “principale
572 1115 609 1178 in
640 1117 795 1181 trecentis
822 1114 921 1179 libris
968 1114 1068 1182 Unde
1091 1136 1149 1201 per
1172 1136 1376 1202 consequens

325 1223 343 1251 “
366 1215 569 1282 resultaret²
607 1240 706 1282 usura
743 1217 911 1304 implicita,
944 1216 1036 1301 cujus
1082 1216 1204 1281 vitium
1242 1216 1376 1283 duceret

324 1327 342 1353 “
365 1325 500 1406 agentes
523 1320 558 1383 in
580 1320 757 1406 periculum
774 1317 1150 1386 excommunicationis.”

184 1186 286 1231 1302-8.

413 1586 425 1624 ³³
438 1585 659 1652 t'imliarmlm
686 1608 856 1671 processus
870 1592 899 1650 et
913 1583 1065 1651 circularia>
1084 1593 1293 1671 prenotata.

156 1740 212 1790 The
225 1741 311 1791 Absor
369 1742 530 1820 Quoniam
565 1741 605 1805 de
637 1741 701 1805 ista
735 1741 905 1826 petitione,
941 1743 1029 1806 ultra
1063 1740 1196 1806 modum
1226 1741 1374 1818 taedioss,

155 1807 312 1924 iffffltihe
324 1844 511 1929 frequenter
533 1842 616 1909 *iste
640 1843 802 1908 Dominus
824 1842 945 1920 Abbas,
962 1843 1131 1908 «lohannes
1160 1843 1200 1907 de
1226 1843 1374 1930 Maryns,

156 1948 288 2005 argument
324 1945 437 2032 tetigit
459 1948 495 2009 in
519 1945 703 2024 Conventu,
727 1951 766 2009 ut
798 1945 841 2009 ad
874 1945 1079 2011 voluntatem
1115 1945 1196 2010 dieti
1221 1945 1374 2033 Episcopi

155 2022 245 2138 {iffi
323 2069 514 2113 consensum
536 2053 691 2111 mutuum
714 2047 854 2112 fratrum
870 2047 1035 2127 alliceret3
1059 2052 1275 2112 memoratam
1298 2070 1375 2113 con-

155 2140 310 2204 againsrrhe
323 2155 545 2232 saltationem,
569 2153 741 2218 amabilem
777 2160 811 2219 et
840 2153 1079 2232 rationabilem,
1103 2153 1167 2218 sibi
1190 2159 1373 2241 porrectam

154 2216 234 2270 m
323 2280 380 2343 per
394 2257 569 2341 quemdam
585 2255 790 2335 confratrem,
807 2262 845 2321 ut
862 2256 1004 2321 Domino
1020 2255 1179 2342 Episcopo
1201 2256 1375 2322 humiliter

322 2358 518 2437 ostenderet,
541 2380 600 2423 nec
622 2357 734 2422 videre
757 2364 817 2422 aut
839 2358 953 2423 audire
977 2359 1126 2423 curavit:
1148 2357 1206 2424 sed
1222 2380 1375 2444 permissa

322 2460 444 2537 tabula,
468 2471 502 2524 et
526 2461 700 2524 Conventu
734 2467 939 2547 congregato,
971 2464 1169 2525 memoratus
1192 2461 1374 2548 Episcopus

322 2564 408 2628 solus
430 2563 571 2641 accessit,
603 2568 637 2626 et
660 2563 816 2628 continuo
840 2563 954 2627 Abbas
977 2562 1038 2627 sub
1061 2562 1122 2627 hac
1143 2562 1249 2627 forma
1272 2585 1373 2651 nego·

322 2666 407 2729 tium
431 2665 632 2751 exposuit.-

155 2776 287 2829 Hemakes
369 2775 386 2802 “
400 2768 466 2832 Iste
489 2767 651 2833 Dominus
684 2767 870 2852 Episcopus,
895 2771 929 2832 et
961 2767 1196 2833 Thesaurarius
1234 2766 1373 2833 Domini

153 2845 305 2962 ssffiofffffie
324 2880 340 2903 “
365 2870 470 2955 Regis,
494 2869 551 2954 qui
573 2867 799 2953 multipliciter·
821 2870 944 2953 profuit
967 2869 1041 2934 huic
1064 2869 1213 2945 ecclesiae,
1237 2875 1272 2935 et
1296 2892 1372 2955 pro-

154 2979 275 3055 sonant,
323 2979 341 3006 “
364 2972 459 3049 ficiet,
486 2971 555 3036 Deo
578 2970 718 3048 volente,
749 2971 846 3056 petiit
880 2993 980 3035 unam
1012 2993 1154 3035 annuam
1178 2971 1372 3056 pensionem

154 3045 231 3095 ruthe
323 3075 500 3161 “triginta
533 3073 702 3151 librarum,
727 3072 780 3156 (ut
803 3073 951 3159 superius
978 3071 1204 3159 specificatm·).
1267 3073 1372 3140 Vobis

154 3192 277 3240 presence.
321 3188 336 3213 “
360 3178 563 3264 injungimus
586 3177 621 3240 in
656 3174 852 3253 obedientia,
885 3180 925 3239 ut
955 3175 1121 3240 voluntati
1153 3196 1220 3240 suae
1251 3175 1372 3263 adqui·

322 3288 339 3315 ‘³
362 3278 505 3345 escatis''

153 3375 248 3426 ΒΜ
367 3381 432 3444 Sed
455 3381 616 3446 Dominus
640 3381 803 3445 Bobertus
838 3380 995 3455 Nor-tone,
1022 3386 1102 3444 tunc
1126 3378 1218 3445 Prior
1253 3380 1371 3447 Sancti

152 3443 289 3569 iiffiss'„
322 3482 452 3560 Albani,
485 3482 621 3567 provide
654 3486 687 3545 et
719 3482 888 3546 humiliter
918 3482 1114 3558 obsistendo,
1149 3482 1371 3568 respondebat

154 3576 204 3623 Μὰ
217 3576 309 3691 omps,
322 3585 410 3669 quod
432 3584 493 3649 hoc
516 3605 581 3646 non
604 3583 707 3667 possit
721 3584 793 3647 ficri
808 3583 928 3668 absque
947 3585 1032 3669 juris
1047 3585 1168 3649 offensa
1182 3585 1370 3668 manifesta,

153 3656 243 3774 {iffi
283 3660 296 3692 ι
322 3685 504 3749 animarum
528 3683 679 3770 periculo,
706 3690 740 3749 et
762 3686 832 3749 sine
862 3686 996 3751 licentia
1029 3687 1164 3751 Domini
1196 3688 1306 3774 Papae,
1331 3713 1371 3755 ac

322 3786 479 3851 ineffabili
496 3786 686 3851 Monosterii
702 3789 899 3872 gravamine.
920 3789 1061 3867 Quidam
1078 3812 1165 3865 vero,
1181 3791 1239 3875 qui
1255 3798 1372 3858 contra

322 3891 387 3954 tale
410 3913 447 3955 ae
470 3893 600 3953 tantum
623 3890 874 3955 murmurabant
897 3890 1123 3972 infortunium,
1146 3893 1245 3957 tacite
1278 3895 1371 3961 sede-

321 3994 422 4072 bant;
453 3991 509 4056 alii
543 3998 653 4057 autem
691 4014 840 4077 expresse
878 4015 949 4056 cum
988 3994 1099 4059 Priore
1137 3995 1369 4080 loquebantur.

1045 4136 1117 4142 ...0-.
1130 4136 1156 4142 ..
1175 4138 1179 4143 .
1200 4137 1228 4143 .-.
1245 4137 1368 4147 ——.--...--·

355 4225 436 4275 ¹This
459 4225 517 4274 debt
545 4231 571 4272 ro
595 4223 636 4273 the
658 4223 754 4287 Bishop
777 4224 818 4286 (as
865 4231 924 4272 lare.

322 4304 522 4367 Treasurer)has
540 4311 584 4352 not
597 4304 659 4352 been
675 4302 817 4367 previously
898 4303 982 4353 ³This
999 4304 1092 4355 ltubric
1118 4305 1138 4355 is
1166 4308 1253 4370 placed
1282 4310 1368 4362 before

321 4384 470 4445 mentioned,
498 4398 524 4432 as
552 4383 595 4432 the
628 4381 692 4431 basis
720 4381 749 4430 of
781 4380 818 4429 his
864 4386 879 4407 “
892 4382 952 4431 Cum
967 4385 1057 4434 orrue”
1070 4387 1158 4446 abore,
1180 4385 1206 4436 in
1226 4388 1270 4438 the
1289 4389 1363 4456 MS.3

322 4464 434 4511 demand
760 4455 764 4463 “
865 4458 989 4524 evidently
1002 4463 1229 4527 byinadverance.

354 4541 524 4591 ²Anerasure
537 4538 818 4599 hereintheMS.‚the
898 4536 965 4587 ⁴iato
976 4540 1001 4589 in
1013 4542 1069 4594 MS.

324 4620 396 4671 letter
411 4627 420 4668 t
435 4619 647 4683 beingseparared
660 4617 724 4669 from
744 4615 819 4667 resul-
