3038 5452
307 698 371 760 ltl
683 711 789 762 oraru
812 712 975 762 inorruit

168 904 256 971 unu.
303 905 321 928 ‘⁶

181 973 243 1024 arth

160 1040 258 1102 nouos,
302 1075 320 1096 „

175 1105 242 1156 A‘D‘
302 1158 320 1180 ss

152 1177 273 1223 1308-20.

175 1273 238 1284 9⁸⁸-

342 908 372 956 et
404 900 566 956 immobilia
594 899 678 964 bona,
705 897 831 970 quodam
858 897 1075 970 prodigalitatis
1103 900 1185 966 vitio,
1218 920 1286 974 quaa
1321 918 1355 958 se

302 989 321 1012 ‘¹
341 986 482 1041 virtutem
500 984 651 1048 mentitur,
670 982 845 1055 dilapidavit
856 983 937 1046 adeo,
951 991 983 1039 et
993 986 1183 1058 consumpsit,
1197 984 1352 1059 dilapidat,

342 1069 432 1140 ¹proh
453 1068 551 1124 dolor!
571 1076 601 1123 et
626 1069 781 1132 consumit,
805 1067 883 1139 quod
901 1069 959 1122 nisi
980 1086 1033 1140 per
1053 1078 1160 1126 vestrae
1179 1071 1353 1128 Sanctitatis

341 1154 452 1224 apicem
477 1169 566 1225 super
600 1153 655 1206 hoc
680 1151 817 1207 celeriter
836 1152 1051 1224 ‘opportunum
1075 1154 1239 1211 remedium
1263 1173 1354 1229 appo-

339 1245 434 1300 natur,
460 1236 644 1300 dictaGella,
668 1254 733 1308 quur
759 1254 849 1290 unum
872 1235 1043 1293 Mouasterii
1064 1239 1158 1294 vestri
1181 1239 1218 1294 de
1244 1238 1354 1296 Sancto

300 1327 319 1348 ⁴⁶
340 1321 453 1376 Albano
473 1320 638 1375 membrum
658 1320 787 1375 nobilius
799 1319 961 1376 dinoscitur
982 1322 1053 1385 fore,
1068 1330 1099 1378 et
1110 1341 1176 1395 quae
1194 1323 1353 1381 celebriter

301 1415 318 1436 “
340 1410 436 1464 Deum
453 1409 549 1464 colere
560 1408 721 1472 consuevit,
732 1408 842 1480 absquo
854 1425 943 1463 mora
956 1409 1080 1481 diffugio
1092 1411 1130 1466 ad
1147 1411 1350 1484 irreparabilia

301 1500 318 1520 ‘¹
339 1493 722 1565 desolationisopprobrium
732 1492 901 1548 deducetur.
924 1492 1029 1549 Dictus
1041 1494 1351 1567 insuperWillelmus,

298 1584 316 1606 ‘⁶
338 1577 1252 1650 aumensexeomateriamdcvagandi,et‚quod³mirum,dictre
1260 1581 1351 1639 Gallae

299 1671 317 1691 ¹·
338 1663 417 1736 quod
435 1663 533 1735 potius
551 1661 680 1726 offendit,
703 1663 915 1735 prosecutionis
936 1663 1068 1729 durante,
1094 1665 1125 1719 in
1149 1668 1351 1725 sacratissima

298 1753 316 1775 ⁴⁴
336 1755 435 1803 vestra
447 1747 538 1802 Curia
553 1765 665 1802 moram
677 1748 806 1812 trahens,
820 1765 1003 1820 nequaquam
1023 1750 1132 1820 poterit
1146 1750 1231 1820 juxta
1249 1751 1350 1809 Sancti

298 1839 316 1860 ‘⁴
337 1833 489 1888 Benedicti
508 1832 654 1903 Regulam
673 1832 811 1898 coerceri,
832 1832 973 1903 contingit
985 1833 1059 1888 inibi
1077 1851 1108 1888 se
1131 1833 1244 1890 dictum
1266 1836 1350 1893 Prio-

298 1923 316 1943 ‘·'
336 1924 433 1971 iatum
453 1917 546 1972 fuisse
565 1916 703 1972 canonice
723 1923 899 1979 assecutum,
921 1934 975 1971 nec
999 1935 1031 1971 se
1051 1934 1137 1988 posse
1159 1918 1196 1972 ab
1215 1937 1260 1983 eo,
1285 1921 1349 1976 sine

298 2005 316 2028 “
337 2018 475 2073 processu
496 2006 526 2055 et
544 2018 632 2055 causa
651 1999 819 2054 rationabili
843 2000 988 2066 amoveri;
1010 2019 1077 2055 cum
1099 2007 1196 2057 tamen
1216 2003 1349 2060 Abbates

298 2091 316 2111 “
336 2086 508 2140 Monasterii
518 2085 554 2139 de
568 2083 673 2139 Sancto
685 2083 808 2148 Albane,
821 2085 873 2155 qui
885 2103 938 2157 pro
950 2091 1080 2157 tempore
1093 2085 1218 2151 fuerant,
1232 2088 1349 2145 nomine

298 2176 315 2196 “
337 2170 509 2225 biouasterii
533 2168 689 2240 praelibati,
717 2187 817 2223 omnes
846 2170 1075 2240 praedecessores
1100 2177 1131 2226 et
1153 2189 1349 2243 praecessores

297 2252 404 2307 “dicti
431 2253 573 2307 Willelmi
598 2253 630 2308 in
656 2253 794 2308 Prioratu
825 2254 956 2325 praesato,
978 2254 1112 2309 dederint
1144 2255 1297 2322 hacteuus,
1318 2266 1349 2313 ct

298 2343 315 2363 ‘·
336 2339 507 2402 iunorerint,
525 2338 587 2393 sine
604 2355 702 2401 causa,
722 2356 755 2392 ac
773 2337 843 2392 darc
862 2344 892 2393 et
915 2356 1050 2392 amovere
1066 2339 1102 2393 de
1117 2340 1185 2411 jure
1202 2347 1346 2412 poterant,

297 2429 315 2448 ⁴·
336 2440 354 2475 o
371 2427 501 2494 tempore
520 2422 604 2494 cujus
630 2423 767 2494 principii
793 2423 934 2477 memoria
958 2440 1015 2478 non
1041 2425 1149 2489 existit,
1168 2423 1348 2497 Apostolicae

297 2512 315 2532 “
337 2507 422 2563 Sedis
440 2507 604 2576 Privilcgio
629 2508 666 2562 ud
691 2507 745 2562 boc
770 2507 960 2562 nihilominus
992 2507 1188 2579 suffragante;
1219 2528 1254 2565 ac
1280 2528 1346 2583 ego,

297 2598 315 2618 ‘⁶
336 2591 423 2648 dictis
461 2592 570 2655 Abbas,
603 2593 699 2662 ipsum
730 2591 856 2647 eundem
885 2592 1068 2648 Willelmum
1102 2594 1284 2664 prael'ccarim
1314 2604 1348 2652 ut

297 2682 315 2702 “
336 2675 478 2740 dativum,
492 2678 543 2748 qui
557 2678 674 2747 juratus
687 2694 873 2748 nequaquam
884 2677 973 2739 volet,
986 2683 1020 2732 ut
1037 2678 1195 2742 credimus,
1210 2677 1346 2747 diffiteri3

296 2766 314 2787 ‘⁶
335 2778 422 2832 super
443 2761 549 2832 quibus
577 2762 710 2816 omnibus
736 2760 900 2825 actualiter,
927 2768 961 2816 ut
986 2763 1182 2832 praemittitur,
1208 2762 1273 2833 jam
1296 2783 1347 2837 pa·

296 2850 313 2871 ‘²
336 2845 428 2908 tratis,
449 2852 479 2899 et
495 2852 639 2917 potestate
657 2843 745 2899 dandi
763 2850 794 2898 et
816 2844 971 2899 revocandi
991 2845 1102 2901 dictum
1126 2845 1311 2903 Willelmum
1328 2867 1347 2904 a

296 2935 313 2956 ¹‘
334 2930 471 2986 Prioratu
490 2929 645 3000 praedicto,
659 2936 798 3000 tanquam
816 2929 949 2993 notoriis,
975 2929 1030 2983 sub
1048 2929 1233 2985 attestatione
1251 2931 1345 2988 divini

295 3021 313 3040 “
330 3015 437 3085 judicii
455 3014 540 3069 fidele
559 3014 759 3069 testimonium
782 3013 979 3084 perhibemus.
1019 3014 1094 3069 Cum
1114 3015 1208 3086 igitur
1232 3015 1345 3072 dictum

296 3104 313 3125 ‘⁴
333 3099 544 3156 Monasterium
566 3100 601 3154 dc
622 3098 728 3154 Sancto
745 3097 868 3164 Albano,
886 3099 969 3154 vobis
988 3105 1018 3153 et
1035 3099 1175 3154 Ecclesiae
1194 3099 1342 3165 Romauoe,

293 3189 310 3210 ‘⁸
331 3202 397 3238 cum
415 3184 556 3239 membris
575 3190 605 3239 et
618 3183 708 3239 Cellis
727 3183 797 3247 suis,
818 3182 986 3237 immediate
1009 3182 1184 3253 subjectum,
1204 3185 1344 3256 ⁴propter

297 3274 314 3293 '¹
335 3287 456 3323 werram
489 3267 603 3333 Scotiae,
641 3286 706 3339 quae
736 3267 831 3322 cidem
862 3268 1016 3338 plusquam
1055 3265 1195 3323 ducentas
1230 3286 1343 3325 mareas

297 3354 314 3376 ‘¹
336 3352 545 3421 sterlingorum
572 3369 681 3407 annuos
706 3370 760 3423 per
787 3351 961 3406 decennium
986 3350 1022 3404 de
1048 3369 1102 3405 sua
1132 3352 1342 3408 sustentatione

296 3440 313 3459 ‘⁶
335 3435 487 3499 subtraxit,
509 3435 692 3490 sterilitatem
711 3436 927 3506 praeteritorum
942 3452 1092 3499 annorum,
1111 3441 1141 3490 et
1159 3435 1217 3490 alio
1234 3437 1342 3509 impor-

296 3524 313 3544 '‘
334 3518 435 3573 bubilia
460 3536 548 3573 onera
575 3518 670 3573 eidem
701 3519 906 3584 incumbentia,
938 3519 968 3573 in
999 3525 1090 3574 strata
1116 3520 1211 3590 regali
1239 3527 1269 3576 et
1293 3521 1342 3577 via

295 3605 313 3627 '‘
334 3602 450 3672 publica
476 3604 625 3665 situatum,
652 3601 723 3657 adeo
748 3610 965 3675 praegravatum
990 3603 1125 3667 extiterit,
1150 3604 1229 3675 quod
1246 3611 1308 3660 tam
1325 3623 1343 3660 a

295 3689 313 3710 ·‘
335 3684 413 3739 dicta
440 3685 523 3740 Gella
548 3685 584 3740 de
603 3686 746 3757 Bynham.
775 3705 862 3759 quam
888 3687 954 3742 aliis
981 3687 1075 3757 ipsius
1106 3685 1280 3743 Monosterii
1304 3688 1341 3743 de

293 3773 310 3794 “
333 3769 439 3825 Sancto
457 3770 571 3825 Albano
589 3771 737 3836 membris,
756 3776 894 3842 tanquam
912 3778 1006 3826 mater
1024 3790 1041 3826 a
1059 3771 1138 3836 filiis,
1158 3773 1340 3843 compulsum

294 3858 312 3880 “
333 3855 372 3909 sit
389 3855 554 3911 subsidium
573 3856 690 3926 exigere
708 3857 906 3922 moderatum
927 3873 979 3911 nec
998 3854 1119 3928 proinde
1135 3857 1229 3927 possit
1246 3856 1340 3912 adhuc

294 3939 461 3994 “totaliter
487 3940 630 4002 relevari;
648 3959 705 3996 non
722 3941 827 4006 valeat,
847 3940 957 4011 absque
983 3941 1068 4011 gravi
1095 3939 1339 3996 incommoditatis

294 4027 311 4048 “
332 4022 493 4096 dispendio,
522 4026 679 4080 amfractus
709 4025 807 4082 litium
835 4025 998 4091 sustinere3
1031 4030 1061 4079 et
1087 4041 1121 4077 ex
1147 4023 1339 4080 diuturnitate

295 4113 313 4137 ‘⁶
334 4109 395 4164 litis
427 4109 515 4179 hujus
555 4110 712 4165 exinanitio
747 4111 833 4164 dicte
860 4109 959 4174 Cellae,
992 4108 1145 4179 roligionis
1176 4107 1338 4173 dissolutio,

294 4192 529 4264 “promptitudo
557 4193 694 4264 vagandi,
726 4202 757 4248 et
786 4193 911 4264 exempli
942 4193 1086 4266 pernicies
1117 4192 1336 4263 relinquantur;

338 4276 559 4332 Sanctissimam
581 4278 790 4333 Paternitatem
816 4283 943 4334 vestrum
962 4284 1056 4333 totum
1074 4277 1111 4332 ad
1136 4278 1258 4332 humum
1276 4295 1340 4349 pro·

325 4573 332 4603 ¹
341 4572 414 4637 proti
426 4573 453 4621 iu
465 4572 521 4624 MS.
867 4580 876 4607 ⁸
890 4576 953 4626 This
961 4577 1032 4625 word
1040 4575 1062 4623 is
1073 4573 1196 4635 doubtful,
1207 4576 1261 4623 ἶν’,

324 4652 483 4719 inpartitum
494 4652 520 4702 in
533 4652 588 4704 MS.
867 4656 877 4686 ⁴
884 4663 970 4721 proter
980 4655 1008 4705 in
1019 4654 1085 4712 Ms,
1095 4655 1130 4717 by
1141 4653 1326 4709 imdvutence
