3038 5452
325 711 346 768 4
702 698 809 771 ossus
830 718 993 770 Anssruu

158 909 227 960 ΑΒ·
241 914 313 962 ¹2⁹⁰·
325 927 398 971 sum
421 908 456 972 in
480 907 553 973 vita
574 930 635 974 sua
658 907 851 996 ¹pecuniam
873 931 967 976 suam
982 908 1194 986 distribuisse,
1209 905 1365 993 quemad·

325 1009 460 1074 modum
483 1011 590 1076 eidem
611 1012 695 1077 bene
717 1013 830 1099 potuit
852 1011 989 1079 licuisse.

157 1119 265 1170 surches
371 1112 454 1178 Cum
477 1113 581 1200 igitur
610 1113 681 1202 ipse
705 1115 861 1181 Escaetor
891 1136 1018 1203 semper
1043 1112 1268 1202 praetendebat
1296 1112 1365 1176 Do·

157 1187 305 1317 fnrgffie
325 1214 453 1281 minum
469 1216 591 1305 Regem
613 1217 733 1283 habere
756 1220 896 1284 eundem
918 1224 1043 1284 statum
1065 1219 1101 1282 in
1125 1214 1367 1304 temporalibus,

158 1318 302 1373 Musae.
325 1324 463 1385 vacante
494 1321 701 1398 monasterio,
734 1342 830 1408 quem
861 1321 980 1386 habuit
1008 1321 1121 1386 Abbas
1150 1321 1258 1398 vivus,
1278 1316 1367 1405 cepit

324 1422 501 1488 fidelitates
525 1429 560 1488 et
578 1422 770 1508 juramenta
792 1424 835 1489 ab
862 1424 1052 1489 hominibus
1069 1424 1241 1504 Baroniae;
1276 1421 1368 1486 illius

324 1546 446 1606 servos,
471 1547 661 1612 quanquam
695 1549 861 1614 pauperes,
888 1549 947 1614 per
976 1526 1112 1612 tallagia
1142 1524 1368 1591 immisericor-

326 1629 412 1696 diter
434 1629 678 1717 depauperavit,
695 1628 886 1716 ¹pecuniam
909 1629 1159 1695 multiformiter
1180 1648 1369 1695 coacervare

324 1732 505 1799 festinavit.
551 1732 636 1798 Oum
659 1732 747 1797 enim
770 1733 806 1797 in
830 1731 958 1797 ambitu
980 1731 1169 1797 monasterii
1191 1753 1259 1797 non
1276 1730 1369 1795 inve·

323 1836 451 1901 nissent
473 1840 639 1900 monetam
653 1833 707 1900 vel
729 1856 859 1914 aurum,
879 1841 949 1900 tam
970 1833 1020 1898 ibi
1042 1856 1141 1920 quam
1157 1833 1195 1898 in
1214 1833 1369 1899 maneriis

324 1938 466 2004 multum
486 1938 620 2024 gavisus
643 1942 694 2002 est
716 1959 750 2002 se
772 1936 936 2003 invenisse
954 1935 1150 2014 instaurum,
1166 1935 1252 2022 quod
1275 1935 1370 2001 Prior

157 2060 270 2111 Prudens
324 2047 442 2118 noster,
476 2039 638 2104 Dominus
676 2039 844 2105 Johannes
881 2039 922 2104 de
956 2038 1089 2115 Marins,
1123 2039 1299 2104 verebatur
1330 2037 1368 2102 in

158 2127 309 2244 ffig‘ffir‘lf
324 2164 445 2228 magna
482 2142 534 2206 sui
572 2146 666 2229 parte
704 2141 897 2220 vendidisse,
935 2146 1070 2229 propter
1106 2141 1367 2227 indignationem

284 2232 290 2245 ’
324 2245 448 2331 regiam
465 2266 564 2330 quam
579 2243 691 2331 potuit
713 2244 908 2324 incurrisse3
931 2249 974 2322 et,
997 2243 1073 2310 licet
1088 2243 1207 2309 devote
1229 2243 1367 2330 petenti,

324 2347 501 2432 superstite
533 2345 676 2423 Abbate,
707 2345 747 2410 de
777 2346 842 2411 fine
865 2346 1013 2412 faciendo
1036 2369 1094 2434 pro
1117 2346 1288 2412 vacatione
1310 2347 1369 2411 ha-

324 2448 441 2526 benda,
466 2449 629 2514 Dominus
651 2448 724 2513 Rex
753 2451 895 2535 gratiam
924 2449 1028 2514 facere
1055 2449 1205 2536 negabat.
1260 2448 1368 2529 Quam

325 2551 475 2616 obtinere
497 2573 564 2616 non
587 2551 706 2637 potuit,
729 2550 910 2617 obtinuisse
934 2552 1093 2638 sperabat.

157 2677 252 2730 Recens
370 2654 436 2719 Sed
466 2674 540 2740 spes
562 2658 597 2720 et
620 2653 785 2738 eloquium
816 2653 1015 2719 confortavit
1044 2654 1172 2740 regium
1194 2675 1262 2732 nos,
1286 2676 1369 2739 quos

157 2744 284 2877 {ffffid
325 2779 399 2844 spes
420 2755 569 2822 laedebat.
616 2754 700 2819 Cum
731 2754 819 2818 enim
850 2755 893 2820 ad
920 2754 1102 2820 Dominum
1125 2756 1257 2843 Regem,
1280 2757 1369 2842 apud

157 2876 296 2930 nemun
325 2859 482 2925 Sanctum
497 2857 664 2922 Albanum
686 2856 914 2937 declinantem,
938 2864 973 2923 et
994 2858 1188 2945 praedictum
1202 2858 1368 2925 Abbatem

160 2943 269 2996 toSuint

156 3009 275 3155 diditi
325 3072 359 3131 et
386 3069 425 3130 ut
455 3063 496 3130 de
519 3068 610 3128 statu
633 3062 750 3127 domus
775 3062 930 3128 meditari
953 3062 1154 3149 dignaretur,
1187 3064 1292 3129 eidem
1312 3064 1368 3130 de-

156 3148 300 3272 ffy¹⁵ffim¹¹¹⁸ss⁰
324 3173 402 3232 vote
426 3165 648 3254 supplicasset,
672 3165 881 3253 praetendens
911 3165 1119 3230 Escaetorem
1149 3166 1244 3231 nobis
1270 3167 1369 3232 nimis

157 3273 199 3322 tue
210 3275 289 3339 Prior,
323 3267 392 3332 fore
414 3269 606 3346 timendum,
631 3272 673 3348 et,
698 3267 807 3332 ²sicut
830 3266 1001 3332 actualiter
1023 3267 1195 3355 contingit,
1217 3269 1254 3333 in
1276 3269 1369 3334 nullo

155 3339 312 3472 {fflffi
323 3369 524 3455 parcendum
536 3393 545 3447 ;
582 3369 657 3432 Rex
679 3369 728 3433 ait
753 3369 862 3454 ipsum
884 3390 943 3455 pro
966 3369 1068 3434 oculis
1090 3370 1206 3457 capitis
1228 3370 1279 3434 sui
1301 3392 1369 3436 non

156 3470 185 3520 of
192 3471 232 3522 ¹¹³⁸
324 3468 445 3535 audere
481 3469 641 3554 injuriari,
682 3469 763 3553 quin
799 3470 910 3555 potius
939 3470 1106 3555 justitiam
1143 3471 1180 3536 in
1217 3472 1369 3537 omnibus

157 3536 300 3592 metator.
323 3569 456 3634 imitari.
503 3569 567 3634 Sed
589 3569 650 3634 hoc
670 3570 808 3634 verbum
831 3572 1084 3636 consolatorium
1107 3572 1261 3660 apparuit
1286 3573 1370 3638 frus-

324 3672 510 3750 tratorium,
535 3693 610 3737 cum
632 3672 805 3758 negotium
827 3674 1031 3760 pervenisset
1053 3675 1096 3738 ad
1125 3680 1254 3756 actum;
1292 3676 1371 3761 quia

323 3774 407 3839 nihil
430 3775 471 3839 de
494 3779 606 3839 stauro
625 3775 766 3840 Abbatis
788 3776 957 3862 potuimus
980 3775 1106 3854 habere,
1130 3800 1187 3843 seu
1208 3779 1251 3843 ad
1273 3800 1369 3844 usum

157 3887 212 3939 'rue
322 3878 471 3954 retinere,
503 3877 569 3941 nisi
601 3899 659 3964 per
689 3900 790 3965 grave
820 3883 962 3965 pactum.
1019 3879 1101 3945 Tam
1131 3880 1235 3966 igitur
1257 3887 1369 3968 aperte

155 3955 286 4073 ffl‘ggd
323 3979 514 4047 Conventus
537 4001 638 4065 quam
660 3980 803 4045 Abbatis
825 3981 953 4046 seisivit
975 3982 1141 4061 maneria3
1163 3983 1279 4048 tutelae
1301 4004 1370 4048 suae

155 4101 257 4164 manos
322 4082 526 4170 mancipavit
549 4104 600 4148 res
622 4088 656 4148 et
679 4082 801 4162 averia,
824 4083 927 4149 donec
950 4084 1121 4169 perbreve
1140 4085 1268 4171 regium
1290 4084 1370 4148 suis·

154 4157 281 4269 ἓξὲξ]
322 4191 395 4250 seut
418 4185 578 4264 liberata;
602 4206 675 4249 cum
698 4185 787 4249 bona
801 4184 954 4250 Barouiae
971 4185 1163 4251 Conventus
1185 4209 1206 4250 a
1228 4186 1371 4251 Baronia

154 4285 263 4339 chatet.
321 4287 466 4353 Abbatis
497 4287 638 4351 discreta
670 4291 758 4363 sunt,
798 4291 832 4351 et
864 4293 1022 4374 separata,
1054 4295 1154 4375 prout
1191 4310 1250 4376 per
1286 4289 1369 4374 peti-

321 4389 444 4454 tionem
465 4391 501 4453 in
525 4387 626 4454 Curia
648 4387 739 4473 regia
761 4387 876 4454 littera
898 4388 1006 4454 fuerat
1021 4390 1207 4477 impetrata,
1232 4390 1369 4456 subhac

319 4492 488 4558 forma:—

326 2960 544 3051 personaliter
572 2959 773 3042 visitantem,
806 2959 902 3025 Prior
931 2966 1044 3026 noster
1067 2961 1368 3048 appropinquasset,

813 4642 1079 4650 ·*··———-——-·—-—-
1088 4645 1364 4656 Q

352 4702 359 4734 ι
374 4703 517 4768 peccuniam
527 4701 554 4750 in
565 4701 622 4751 MS.
835 4704 840 4770 Ι
888 4701 898 4732 ²
915 4704 952 4752 sic
962 4703 988 4752 in
999 4703 1065 4766 MS,
1075 4706 1111 4769 by
1122 4704 1307 4759 inadvertence.
