3038 5452
153 939 270 1002 Thomas,

186 1007 247 1057 aoth

179 1112 264 1188 nn)

154 1209 274 1256 1849-96.

305 737 368 802 436
685 757 790 806 essm
812 755 974 805 marran

307 939 327 962 “
346 938 513 1001 menachus,
534 939 588 993 sub
616 946 716 994 nostra
740 940 905 995 obedientia
934 938 1120 1002 constitutus,
1140 939 1356 1012 cujuscunque,

308 1022 326 1045 “
345 1022 491 1090 regularis
509 1023 557 1077 vel
576 1024 735 1087 saecularis,
755 1023 965 1078 consessionem
984 1024 1096 1085 audire,
1117 1042 1170 1078 een
1189 1024 1321 1095 aliquem
1339 1043 1358 1079 a

307 1106 326 1130 ‘¹
346 1122 517 1177 quacunque
536 1109 679 1162 sententia
697 1108 814 1163 canonis
832 1108 881 1161 vel
892 1107 1029 1170 bominis,
1044 1116 1096 1162 aut
1112 1110 1273 1177 apeocatis
1293 1109 1356 1179 qui·

306 1190 325 1213 “
344 1188 524 1261 buseunque,
551 1193 608 1246 nisi
642 1193 673 1245 in
699 1192 802 1246 mortis
828 1192 961 1254 articulo,
995 1198 1155 1261 praesumat
1183 1191 1355 1258 absolvere;

306 1275 324 1298 “
344 1275 472 1345 exceptis
495 1276 564 1339 hiis,
585 1276 690 1347 quibus
717 1277 829 1330 ratione
856 1276 951 1339 officii,
971 1293 1025 1330 sen
1044 1292 1121 1329 curse
1140 1275 1185 1330 eis
1203 1274 1354 1346 injuncta,

305 1358 323 1380 “
343 1374 377 1410 ex
395 1359 554 1428 approbata
571 1359 779 1413 consuetudine
810 1359 840 1414 id
865 1359 1013 1430 competit,
1033 1359 1080 1412 vel
1098 1375 1274 1414 concessum
1291 1377 1355 1431 spe·

304 1441 322 1464 “
343 1440 456 1494 cialiter
475 1443 581 1506 fuerit;
613 1444 865 1498 contravenientes
883 1449 992 1507 antem,
1013 1443 1090 1497 sicut
1113 1460 1173 1513 pro,
1186 1443 1356 1499 inobedien-

304 1525 322 1548 “
342 1523 392 1588 tia,
413 1525 589 1594 regulariter
607 1526 790 1582 decernimus
809 1527 979 1598 puniendos.
1029 1525 1161 1594 Quilibet
1184 1527 1277 1582 etiam
1295 1545 1356 1584 mc·

304 1608 323 1632 “
342 1607 452 1664 naehus
479 1610 516 1663 ad
547 1610 643 1664 minus
672 1612 762 1665 semel
788 1612 863 1665 omni
896 1609 1079 1665 bebdomada
1102 1610 1298 1676 confitentum
1325 1618 1357 1666 et

304 1692 322 1716 ‘⁸
342 1696 449 1762 praeter
478 1692 545 1747 illas
574 1693 702 1763 privatas
742 1696 948 1758 confessiones,
979 1693 1016 1747 de
1052 1693 1205 1748 cotidianis
1236 1694 1355 1750 delictis

304 1776 322 1800 “
342 1776 521 1845 regulariter
540 1777 695 1842 faciendas,
710 1778 755 1832 bis
768 1780 815 1833 vel
835 1779 925 1832 semol
939 1779 970 1832 in
983 1795 1056 1832 anno
1075 1778 1181 1832 saltem
1194 1797 1249 1833 eno
1267 1780 1356 1834 confi·

304 1862 322 1884 “
343 1866 439 1914 teatur
456 1860 587 1931 praelato,
600 1862 659 1916 nisi
670 1862 809 1933 praelatus
822 1863 876 1916 hoc
895 1862 980 1917 alteri
1000 1862 1117 1916 duxerit
1128 1863 1353 1934 assignandum.

304 1947 323 1971 “
343 1943 398 2012 Qui
417 1962 486 1999 vero
512 1945 566 2000 hoo
584 1947 774 2016 pertinaciter
800 1947 963 2009 renuerint,
992 1953 1059 2017 post
1087 1945 1354 2018 Quadragesimam

302 2030 319 2055 ‘⁸
340 2030 370 2082 in
397 2029 563 2084 Refectorio
591 2029 759 2100 prandeant,
795 2038 825 2085 et
850 2031 923 2086 cibis
951 2030 1262 2101 Quadragesimalibus
1294 2033 1356 2087 sint

301 2115 319 2140 “
339 2114 475 2177 contenti,
496 2131 648 2185 quousque
667 2132 769 2168 eorum
787 2114 902 2185 praelati
921 2132 970 2168 eos
994 2114 1195 2184 judicaverint
1216 2117 1356 2171 emenda·

302 2199 320 2223 ‘¹
340 2202 394 2251 tos.
432 2197 600 2268 Nullusque
612 2199 781 2262 monachus,
797 2200 851 2253 sub
863 2206 963 2253 nostra
980 2198 1145 2253 obedientia
1161 2201 1354 2265 constitutus,

302 2283 321 2307 ‘⁴
341 2282 511 2337 confiteatur
529 2283 619 2337 alicui
637 2283 780 2347 saeculari,
795 2289 846 2336 aut
863 2283 927 2337 viro
945 2282 1066 2336 alterius
1085 2283 1240 2353 religionis
1263 2302 1354 2355 quam

302 2368 321 2391 '‘
341 2379 457 2429 nostrae,
477 2367 536 2421 nisi
561 2367 592 2420 in
610 2367 715 2420 itincre
734 2367 919 2430 constitutus,
940 2366 990 2419 ubi
1009 2367 1143 2420 monachi
1168 2368 1286 2437 copiam
1302 2386 1354 2423 ne·

303 2454 321 2478 ‘⁶
342 2457 430 2520 queat
447 2450 587 2505 obtinere.
608 2451 647 2506 Et
666 2452 734 2521 quia
746 2450 857 2520 pastori
876 2450 1012 2505 convenit
1029 2456 1063 2504 ut
1074 2468 1213 2521 pecorum
1228 2470 1353 2507 suornm

303 2537 321 2561 “
340 2535 439 2588 vultus
459 2541 605 2605 agnoscat,
634 2541 759 2605 suntque
785 2535 884 2603 aliqua
907 2539 1029 2604 peccata
1055 2534 1201 2603 graviora,
1223 2553 1353 2605 quorum

302 2622 319 2645 “
339 2619 481 2673 correctio
500 2619 615 2689 indiget
633 2618 809 2673 discretione
828 2617 943 2687 majori,
963 2618 1174 2672 correctionem
1187 2636 1221 2672 ac
1234 2619 1354 2675 absolu·

300 2704 317 2728 ‘⁶
337 2703 446 2756 tionem
477 2703 607 2756 omnium
624 2702 862 2765 inobedientium,
882 2703 1134 2766 incontinentium,
1157 2704 1351 2774 proprietari-

299 2789 318 2813 “
338 2804 430 2851 orum,
450 2787 691 2857 conspiratorum,
711 2804 744 2840 ac
763 2803 862 2840 eorum
884 2787 934 2856 qui
959 2788 1070 2841 furtum
1088 2786 1135 2840 vel
1153 2787 1352 2843 homicidium

302 2872 320 2896 “
338 2871 546 2933 commiserint,
568 2869 763 2939 autaliquem
782 2887 875 2939 usque
903 2870 1028 2923 membri
1048 2871 1276 2935 mutilationem,
1297 2890 1352 2927 seu

301 2959 320 2981 ‘⁸
340 2954 421 3016 alias,
452 2953 609 3007 enormiter
644 2953 783 3015 laeserint,
813 2970 846 3006 ao
874 2959 1082 3022 apostatarum,
1112 2961 1140 3008 et
1172 2972 1276 3008 eornm
1298 2957 1350 3027 qni

300 3044 319 3067 “
338 3040 448 3095 crimen
467 3037 556 3092 alicui
574 3036 649 3090 falso
658 3042 688 3090 et
700 3036 846 3091 malitiose
865 3038 1066 3108 imposuerint,
1087 3056 1197 3093 necnon
1217 3041 1350 3094 omnium

300 3128 318 3152 ‘⁶
339 3124 388 3194 qui
408 3124 444 3177 de
471 3122 553 3177 bonis
572 3120 753 3185 Monosterii,
774 3121 821 3175 vel
840 3121 989 3185 Ecclesiae,
1012 3123 1083 3176 ¹seu
1101 3121 1235 3176 fraudem
1255 3124 1350 3194 gratis

300 3215 319 3236 “
338 3209 469 3272 fecerint,
487 3206 571 3261 nobis
590 3205 757 3277 specialiter
769 3224 965 3270 reservamus,
982 3206 1163 3261 declarantes
1182 3207 1264 3278 ipsos
1284 3226 1350 3264 esse

300 3298 318 3321 “
337 3292 544 3354 inobedientes,
563 3292 613 3362 qui
632 3296 698 3361 post
722 3292 828 3344 i'aetam
848 3290 1057 3360 professionem
1075 3291 1209 3346 habitum
1229 3293 1350 3364 religio·

300 3381 318 3403 “
338 3377 383 3429 nis
402 3384 512 3430 temere
531 3375 691 3439 dimittunt,
712 3373 758 3428 rel
779 3374 828 3444 qui
856 3375 886 3428 iu
910 3375 1056 3428 mandatis
1074 3374 1265 3444 regularibus
1283 3394 1350 3446 per·

298 3465 316 3488 ‘⁴
336 3461 470 3515 tinaoiter
480 3460 642 3515 resistendo
655 3459 775 3530 praelato
787 3457 834 3512 vel
848 3459 990 3527 superiori
1004 3459 1214 3514 contumaciter
1228 3460 1349 3515 obedire

298 3547 317 3571 “
337 3550 532 3598 contemnunt.
579 3543 796 3598 Incontinentes
824 3559 976 3596 censemus
1001 3543 1089 3612 ipsos,
1110 3543 1161 3612 qui
1179 3542 1267 3613 lapsu
1286 3562 1350 3599 car-

297 3632 317 3656 “
335 3628 380 3682 nis
399 3627 571 3685 voluntarie,
592 3634 674 3682 etex
694 3627 902 3680 deliberatione
921 3633 1084 3696 procurata,
1104 3627 1135 3680 in
1147 3627 1235 3697 plena
1242 3628 1350 3698 vigilia

298 3715 317 3740 ‘⁶
338 3729 368 3767 se
387 3711 534 3765 maculant
551 3711 708 3781 impudico.
748 3710 960 3781 Proprietarios
973 3717 1070 3765 autem
1080 3710 1249 3781 judicamus
1268 3713 1347 3775 illos,

298 3800 317 3824 “
338 3796 398 3866 qui,
418 3800 524 3866 praeter
543 3795 749 3849 conscientiam
768 3795 815 3849 sui
833 3793 957 3864 praelati,
978 3795 1034 3848 sibi
1053 3794 1165 3864 aliquid
1182 3796 1348 3865 possident,

298 3886 316 3909 “
336 3880 414 3951 quod
432 3880 494 3950 ipse
513 3896 569 3932 non
589 3877 712 3942 dederit,
734 3885 785 3932 aut
804 3878 974 3948 permiserit
991 3878 1150 3948 possidere.
1189 3879 1350 3952 Conspira·

298 3970 317 3993 “
336 3973 414 4021 tores
433 3970 531 4018 autern
558 3981 703 4021 vocamus,
725 3963 776 4032 qui
801 3964 877 4017 inter
903 3980 934 4016 se
960 3963 1194 4018 confoederantur
1223 3965 1261 4019 ad
1280 3967 1349 4020 sub·

298 4056 316 4079 ‘⁶
337 4051 500 4106 versionem
519 4048 648 4111 Ordinis,
670 4066 721 4101 seu
750 4047 931 4102 Statutorum
959 4066 977 4101 a
1001 4047 1161 4118 majoribus
1188 4049 1349 4106 salubriter

297 4141 315 4164 ‘⁸
335 4135 535 4206 provisorum
555 4133 601 4186 vel
621 4132 658 4186 ad
676 4133 909 4201 persecutionem
923 4132 1047 4202 alicujus
1066 4133 1196 4187 custodis
1215 4133 1347 4199 Ordinis,

296 4225 315 4248 “
334 4222 382 4277 rel
400 4220 510 4282 fratris,
532 4237 566 4272 ex
585 4217 752 4281 ambitione,
773 4217 848 4281 odie,
863 4218 910 4272 vel
928 4235 1057 4271 rancore.
1097 4218 1347 4292 Iujnngimusquo

295 4310 314 4332 “
334 4306 406 4376 ipsis
425 4303 586 4364 Prioribus,
615 4320 649 4355 ao
676 4301 803 4370 singulis
822 4302 888 4356 aliis
907 4302 1058 4363 fratribus,
1077 4309 1111 4356 ut
1128 4320 1196 4356 cum
1216 4304 1346 4373 aliquem

207 4434 210 4442 .
295 4393 314 4417 “
334 4389 369 4442 de
387 4387 536 4442 monacbis
564 4386 671 4440 nestris
690 4384 839 4456 praedictis
866 4385 1048 4448 criminibus,
1075 4386 1122 4439 vel
1149 4386 1249 4457 aliquo
1268 4388 1346 4458 ipso·

295 4477 313 4500 “
333 4491 409 4535 rum,
429 4473 483 4527 sub
502 4472 716 4542 fidedignorum
738 4469 887 4532 relatione,
912 4470 1061 4533 sciverint,
1075 4470 1123 4524 rel
1142 4470 1346 4526 verisimiliter

296 4605 372 4612 -—--›
381 4607 454 4613 —-—-
463 4608 527 4614 --..-.
598 4608 614 4613 ..
625 4606 741 4612 ·--.-
750 4606 775 4610 -.-
796 4603 907 4610 ...η-ρ
916 4604 964 4609 -—.
981 4605 1010 4609 -..
1020 4604 1296 4612 ..-ι-Ὦ.
1319 4607 1324 4610 .

425 4676 432 4707 ¹
444 4676 587 4739 “furtum''
598 4691 628 4724 or
639 4691 654 4725 a
665 4674 760 4724 similar
771 4674 848 4734 word,
858 4688 937 4723 seems
945 4680 971 4725 to
979 4672 1009 4722 be
1020 4671 1132 4737 wmdng
1142 4672 1209 4724 bere.
